2984 5000
507 283 833 350 GRAECITATIS.
982 347 990 363 ,
1153 304 1216 372 317

113 453 314 536 18880764,
331 468 382 538 15.
398 453 473 539 813,
491 473 542 520 ιο.
579 456 639 538 ίμοδ
661 458 689 519 ἐν
707 454 821 540 χιλίαις
838 452 947 540 [8611δ
1050 455 1089 541 ῖς]
1106 456 1182 521 ίστίν
1203 461 1217 520 δ

115 536 236 613 κίνδυνος
249 553 326 621 701,
345 560 374 604 1.
468 539 579 619 'clitor,
594 563 634 605 ne
655 540 740 604 mille
760 540 917 605 drachmis
937 565 968 607 m
1003 545 1219 608 οω1.;λυτιῖν

116 625 181 687 τινὰ
197 624 391 707 (molestiae
424 628 508 710 cere)
524 629 551 689 ἂν
573 626 690 701 εύθύναις
704 627 759 691 AE.
779 646 808 703 1,
825 644 856 692 2.
893 628 954 703 τοὺς
976 631 1003 691 ίν
1022 636 1124 714 χειροῖν
1146 627 1219 715 νύμιρ

116 713 171 784 τὰς
184 712 326 786 πολιτιίας
341 711 535 787 καταλύοντας
552 732 582 793 1,
599 731 649 793 24
679 715 706 775 δν
719 711 838 810 πλιίστρ
853 715 985 778 ποιεῖσθαι
1000 712 1107 799 ὑποψίᾳ
1122 734 1152 791 2,
1168 734 1217 797 19.

117 795 224 877 μηδύνα
237 803 291 861 τοῖν
307 799 334 860 ῖν
347 797 442 883 ἡλικίᾳ
464 817 494 876 2,
509 818 563 884 35.
598 799 763 862 άποτισάτον
779 796 858 880 (8611.
875 801 924 876 τὴν
945 799 1059 884 ζημίαν)
1076 803 1103 863 δν
1124 799 1219 863 ἔνδικα

118 885 234 967 ἡμέραις
247 886 323 963 μνπά
336 887 385 960 τὴν
399 882 475 961 δίκην
493 904 526 970 3,
545 899 595 967 17.
632 883 701 958 δλονς
724 885 746 945 δ’
762 886 790 946 ἐν
812 884 984 972 δημοκρατίᾳ
1006 886 1053 949 τδν
1075 889 1110 960 νίς
1132 891 1219 948 ὁτιοῦν

119 969 253 1048 ύβρνστὴν
268 971 317 1032 ου’νε
332 970 476 1047 ἐπιτήδειον
490 971 616 1054 ἡγήσατο
631 968 698 1033 ιίναι
713 970 962 1051 συμπολιτεύνσθαι
977 991 1010 1057 3,
1027 989 1077 1052 24.
1115 972 1176 1052 μηδ’
1191 974 1219 1034 δν

119 1055 184 1126 ταῖς
199 1057 301 1128 κοιναῖς
315 1055 543 1138 στνφανηφορίαις
557 1056 750 1138 στιφανούσθω
762 1074 797 1135 4,
816 1075 845 1118 1.
882 1059 977 1137 πομπὴ
994 1056 1144 1119 Διονυσίων
1164 1066 1220 1121 τῶν

120 1142 149 1200 ἐν
162 1136 245 1202 οῖστοι
260 1143 293 1217 6,
308 1159 360 1221 40.
396 1141 546 1221 άφιλίσθαι
561 1139 622 1204 ούτι
636 1144 685 1219 τὴν
698 1139 838 1219 άλῆθνιαν,
854 1138 916 1205 ούτο
930 1144 978 1218 τῆν
992 1145 1019 1205 ἐν
1032 1147 1066 1229 τῇ
1078 1141 1158 1206 σάλοι
1171 1144 1221 1225 φή-

120 1239 224 1373 μῦνην7,
237 1244 290 1310 30.
334 1223 372 1374 1δὲ
385 1229 487 1332 διν-ταῖς
502 1224 601 1336 οίνιίαις
616 1224 1060 1376 8133ιέ133μένένρίγονοωὶδυὲιῖ.ἱ
1077 1227 1155 1377 φδτος
1169 1230 1220 1337 μδν

121 1418 167 1457 ...
181 1326 818 1479 ῖῖἑῖζίῖῖμῑῖῗῖοῖίίῗνῖοοιμίίζί
833 1332 934 1483 83'32‘.
980 1313 1221 1485 411888

120 1479 193 1578 οὖν)
204 1480 241 1546 οδν
252 1482 285 1562 8,
294 1502 349 1565 40.
369 1485 397 1545 δν
405 1485 489 1547 παντδ
500 1490 581 1570 κακῷ
590 1483 744 1568 γινόμενος,
805 1498 978 1549 extremam
992 1484 1150 1549 adductus
1163 1485 1221 1548 mi-

122 1588 234 1631 senam
250 1589 282 1653 9,
299 1585 353 1652 27.
390 1569 568 1655 ίταγγελίαν
582 1569 634 1632 τινὶ
652 1570 679 1631 ἓν
699 1572 740 1655 τῷ
761 1569 837 1655 δῆμρ
858 1573 990 1649 ἂτνιλοῖυ,
1005 1569 1221 1635 denunciatio·

122 1675 196 1716 nem
211 1651 274 1718 diei
287 1654 329 1719 ad
345 1677 471 1719 eausam
489 1654 653 1720 dioendam
674 1653 709 1718 in
729 1654 877 1719 concione
897 1678 940 1743 po
963 1654 1008 1720 uli
1028 1657 1222 1722 interminari

123 1758 157 1821 9,
173 1757 227 1824 35.
263 1742 426 1827 νυκτιριύνιν
440 1746 467 1805 δν
482 1742 645 1825 ἀλλοτρίαις
659 1739 759 1814 οἰκίαις
776 1761 828 1819 11,
847 1760 898 1806 12.
937 1678 1111 1825 δῖαψνιφίσιις
1125 1748 1152 1807 iv
1165 1747 1222 1818 τοῖς

123 1825 217 1906 δήμοις
230 1845 281 1904 11,
291 1845 343 1892 21.
365 1825 571 1912 άκριβίστατον
581 1825 716 1910 συνίδριον
727 1835 781 1891 τοῖν
795 1830 822 1890 ἂν
835 1830 869 1914 τῇ
882 1825 972 1906 πύλπι,
982 1841 1108 1894 senatus
1121 1831 1224 1894 Areo·
1293 1859 1298 1866 ¹

122 1910 282 1998 pagiticus
300 1931 351 1997 13,
369 1932 417 1976 11.
464 1913 636 2000 ίργαστῆρια
658 1912 703 1976 δύο
724 1915 752 1974 ἂν
773 1916 829 1987 τοῖς
850 1913 1003 1998 άργυροίοις
1031 1934 1080 1995 14,
1101 1933 1151 1999 27.
1196 1919 1222 1978 ἐν
1274 1985 1280 1998 ,

123 2000 183 2071 τοῖς
193 1997 336 2073 ἀδυνάτοις
346 2000 516 2085 μισθοφορεῖν
527 2018 579 2079 14,
586 2018 639 2078 40.
662 2002 732 2083 δντῇ
747 1998 841 2083 ψήφῳ,
855 1997 887 2061 in
902 1999 1124 2087 suffragatione
1142 2000 1222 2087 ipsa,

123 2104 200 2146 cum
214 2104 265 2147 res
277 2082 450 2148 devenisset
469 2082 510 2148 ad
536 2082 790 2171 suffragationem
808 2098 859 2169 15,
877 2082 935 2149 1111.
971 2090 1097 2173 περιττὸς
1117 2089 1146 2149 δν
1168 2090 1223 2159 τοῖς

124 2168 222 2252 λύγοις
234 2170 408 2251 Δομυσθίνης
426 2171 478 2251 16,
492 2190 548 2251 41.
588 2170 738 2255 παραφέριι
753 2171 775 2232 δ’
790 2169 874 2232 αύτδν
893 2173 920 2233 ἐν
938 2170 1113 2254 σκώμματος
1133 2171 1222 2257 μύρον,

124 2254 270 2341 projooo
286 2273 337 2339 17,
349 2275 404 2337 40.
433 2258 469 2331 οῖς
483 2262 511 2321 δν
524 2258 679 2338 διατριβαῖς
692 2253 815 2340 γεγονυῖς
831 2256 881 2334 18,
896 2271 949 2341 35.
994 2255 1113 2343 δχληρθς
1127 2260 1154 2320 lv
1167 2261 1223 2330 τοῖς

125 2341 294 2424 γυμνασίοις
310 2361 362 2428 19,
378 2358 409 2426 7.
451 2342 590 2422 τάττομεν
602 2337 805 2428 ιίναιὌμιςροι
827 2345 853 2404 lv
873 2345 930 2416 τοῖς
950 2341 1153 2423 πρεσβυτάτοις
1175 2342 1223 2405 καῖ

125 2427 300 2510 σοφωτάτοις
314 2436 369 2492 τῶν
382 2438 498 2507 ποιητῶν
514 2446 566 2506 20,
580 2447 614 2510 4.
658 2430 697 2491 τοὶ
711 2430 786 2490 θστά
799 2430 889 2491 αὐτῶν
903 2432 931 2491 δν
944 2432 978 2514 τῇ
992 2432 1061 2514 αὐτῇ
1075 2433 1149 2514 σορῷ
1169 2427 1225 2491 κνί-

109 2537 211 2578 .σιται
228 2532 280 2593 20,
292 2534 348 2600 34.
382 2518 699 2601 χρυσῷόνάμφιφοριῖ,
713 2512 746 2577 in
761 2535 842 2577 urna
857 2530 909 2592 21,
928 2534 978 2579 11.
1011 2514 1226 2599 άςίμοῦίτρά·

127 2597 213 2680 φεμίν
226 2625 277 2685 τιρ
292 2605 319 2662 ἐν
333 2600 486 2686 ὑμετέροισι
501 2599 608 2683 δίμοισι
624 2619 677 2678 21,
696 2618 747 2665 12.
792 2601 929 2686 κωμῳδεῖν
943 2598 1025 2664 ὄντων
1039 2603 1067 2663 ίν
1086 2604 1225 2686 Κολυττῷ

130 2702 183 2763 22,
201 2688 251 2751 26.
297 2689 404 2773 άπορτῖν
418 2686 550 2768 τύξαίμην
563 2685 691 2750 τοιούτων
705 2686 793 2772 ῖργων
807 2688 835 2748 δν
847 2691 888 2772 τῷ
902 2685 981 2772 λύγορ
996 2702 1050 2765 22,
1063 2705 1119 2768 41.
1152 2686 1226 2774 γρά-

129 2784 177 2846 φοι
191 2771 213 2833 δ
224 2774 250 2834 ἐν
265 2775 321 2846 τοῖς
331 2771 511 2855 ψηφίσμασιν
525 2773 614 2857 ον’χδς
628 2772 694 2856 ὑπὲρ
707 2777 757 2848 τῆς
770 2770 875 2847 τύλτσς
888 2776 950 2847 ταῖς
964 2775 1080 2855 σομναῖς
1089 2772 1160 2847 θοαῖς
1172 2772 1225 2849 26,

127 2872 185 2942 37.
229 2857 433 2923 καταλιίπιται
447 2865 463 2936 ἦ
475 2860 574 2946 πρᾶξις
593 2860 621 2921 δν
641 2862 704 2933 ταῖς
725 2857 869 2944 ύμετίραις
889 2858 1016 2945 γνώμαις
1037 2873 1090 2941 27,
1105 2856 1225 2944 penult.

128 2949 185 3005 τοῖν
199 2944 442 3029 σισωφρονςμίνων
456 2948 484 3007 ἐν
496 2949 538 3030 τῷ
551 2942 605 3030 βίορ
618 2968 666 3026 μοι
680 2942 768 3032 χάριν
785 2943 962 3023 άπιιληφάναι
982 2943 1084 3024 νομίζον
1102 2943 1155 3020 28,
1173 2960 1225 3008 21.

130 3033 157 3091 ἐν
177 3026 268 3092 άτασι
287 3029 392 3104 τούτοις
403 3028 549 3114 τέταγμαι
565 3048 618 3114 29,
636 3044 686 3114 15.
731 3027 827 3111 Ζιριίας
849 3027 965 3092 ίνύτνιοι
985 3034 1034 3107 τῆς
1056 3033 1083 3091 ἐν
1103 3025 1226 3115 Σικολίρ

131 3131 187 3197 29,
203 3134 255 3200 23.
285 3114 361 3178 ῖάλω
374 3114 425 3178 ύπδ
439 3123 550 3201 λῃστῶν
563 3119 589 3179 ίν
603 3116 730 3190 σπονδαῖς
744 3117 936 3197 Ὀλυμπικαῖς
953 3134 1005 3199 29,
1020 3130 1074 3200 35.
1105 3116 1226 3195 διαλαμ

129 3199 223 3278 βάτων
236 3204 295 3287 γάρ
310 3200 428 3265 ίκαστον
442 3206 516 3283 ἡμῶν
536 3204 563 3263 δν
581 3199 657 3284 μῖρνι
677 3220 734 3286 33,
751 3201 803 3266 26.
840 3200 942 3288 ἆτορία
963 3203 990 3263 ῖν
1013 3205 1052 3285 τῷ
1075 3199 1155 3285 λθγιρ
1169 3219 1226 3285 33,

128 3304 187 3369 30.
231 3292 280 3364 τῆς
295 3289 322 3349 ίν
335 3291 392 3361 τοῖς
406 3285 498 3362 τούτοις
512 3287 706 3364 ἔτιδιξιύτητος
718 3304 843 3372 34520.
887 3290 914 3349 ἂν
931 3290 972 3371 τῷ
989 3289 1047 3371 ίμῷ
1068 3285 1147 3371 λύγῳ
1170 3287 1227 3349 οῖπῖ

129 3387 187 3456 35,
201 3390 256 3457 32.
300 3370 434 3436 Διονύσια
453 3375 491 3437 τά
511 3375 539 3435 δι
558 3371 639 3436 άστνι
660 3373 715 3458 36,
730 3391 762 3456 3.
806 3370 947 3445 δντίθαις
968 3369 1103 3451 διδνμίνον
1122 3370 1177 3457 38,
1194 3390 1226 3455 9.

130 3457 364 3540 συνεφαττύμννοι
378 3466 433 3522 τῶν
446 3457 610 3544 συμμάχων
624 3455 715 3542 οῖσπιρ
731 3462 758 3521 ίν
771 3461 828 3532 τοῖς
845 3456 988 3521 σπένδουσι
1008 3465 1063 3521 τῶν
1084 3461 1158 3543 ίορῶν
1171 3475 1226 3542 39,

134 3545 187 3607 16.
232 3547 259 3606 ίν
280 3546 342 3617 ταῖς
364 3547 485 3625 φονικαῖς
506 3545 594 3618 δίκαις
615 3543 657 3607 ἒτῖ
683 3542 845 3629 Παλλαδίῳ
869 3561 925 3629 39,
946 3562 999 3629 35.
1043 3543 1228 3607 ἀποκινδυνεύ-

131 3656 170 3693 ειν
195 3628 222 3692 ἲν
246 3653 309 3708 τινι,
331 3628 364 3692 in
386 3628 494 3717 aliquo
516 3627 692 3717 pen‘eulum
712 3628 815 3694 facere
838 3649 894 3709 41,
918 3647 973 3709 42.
1018 3626 1122 3713 ἔνορκοι
1147 3625 1177 3705 ἦν
1201 3630 1228 3691 1ο

130 3718 189 3789 τοῖς
208 3713 297 3798 ύρκοις
317 3734 371 3800 43,
390 3735 440 3797 14.
478 3721 504 3780 ίν
527 3716 670 3800 μονοξύλῳ
688 3715 777 3801 πλοίορ
798 3741 834 3795 με
856 3717 977 3778 ιίσπλιῖν
998 3719 1045 3790 τῆς
1074 3715 1168 3788 νυκτδς
1193 3713 1229 3788 ὥς

130 3798 275 3864 Φίλιππον
288 3820 343 3882 44,
357 3820 409 3887 30.
445 3803 510 3887 τρδς
525 3800 618 3867 ίνδικα
633 3799 815 3886 άμφορύαςὲν
834 3799 1067 3887 διαμιμετρηράνρ
1086 3803 1120 3885 τῇ
1141 3798 1230 3947 ἡμίρρ

132 3886 262 3969 κρίνομαι
291 3901 346 3971 45,
375 3907 404 3950 1.
448 3889 501 3951 οὐδ
527 3886 560 3952 άν
582 3905 663 3970 φησιν
687 3889 715 3948 δν
743 3885 878 3967 βασάνοις
906 3883 1077 3970 ἀνδραπόδων
1104 3884 1185 3969 γίννσ
1201 3910 1230 3949 αι

131 3991 188 4058 45,
201 3973 234 4036 8.
279 3973 415 4053 άκμάζιιν
436 3976 463 4036 ἐν
484 3978 518 4059 τῇ
539 3974 627 4059 μανίᾳ
646 3973 702 4053 46,
719 3990 771 4040 22.
808 3971 959 4056 άριστούνιν
980 3973 1008 4032 ἐν
1025 3974 1082 4044 τοῖς
1105 3970 1230 4044 κινδύνοις

131 4076 187 4142 47,
198 4058 254 4145 38.
297 4058 520 4143 συμτίπλνγμαι
537 4061 614 4145 δντῇ
627 4058 755 4145 τολιτνίᾳ
768 4056 899 4167 ἀνθρώπω
913 4056 993 4141 γθητι
1007 4057 1062 4138 48,
1073 4075 1128 4143 32.
1156 4057 1232 4120 σκά-

132 4170 210 4208 πτειν
236 4147 264 4208 ίν
289 4148 416 4223 άμτιλου
433 4144 502 4231 γιίιρ
526 4163 581 4229 49,
610 4164 661 4231 13.
704 4120 922 4230 άναστροφιπθαι
951 4146 979 4205 ἂν
1004 4147 1068 4225 ύμῖν
1094 4162 1150 4227 49,
1179 4160 1231 4227 23.

133 4232 224 4316 εὐχάς
239 4232 266 4293 ἐν
279 4233 336 4304 τοῖς
350 4171 515 4312 ύτηφίῖμασι
530 4232 664 4295 ποινῖσθαι
679 4250 736 4315 49,
749 4249 799 4312 24.
830 4231 958 4313 διαφανὴς
970 4231 997 4291 ἒν
1010 4228 1114 4303 τούτοις
1130 4225 1160 4305 ἦν
1174 4242 1231 4312 5ο,

135 4334 163 4381 2.
208 4314 335 4401 προάδιιν
348 4314 439 4401 ὥσπερ
454 4320 481 4379 ἐν
493 4320 549 4390 τοῖς
561 4321 657 4403 χοροῖς
670 4332 725 4402 5ο,
740 4337 774 4397 4.
819 4322 834 4394 ἡ
850 4317 877 4378 δν
890 4319 947 4390 τοῖς
960 4315 1057 4400 μίρνσι
1077 4312 1231 4394 καλουμίνη

134 4381 273 4487 οτρατείά
285 4419 341 4486 5ο,
355 4419 411 4487 34.
455 4412 485 4465 αί
500 4405 527 4465 ἂν
540 4407 597 4478 τοῖς
611 4404 758 4510 ἰτωνύμοις
772 4401 855 4480 ἔξοδοι
869 4416 924 4486 5ο,
939 4402 994 4486 38.
1038 4400 1120 4478 ίξοδοι
1135 4401 1162 4459 ἓν
1175 4400 1232 4472 τοῖς

134 4487 246 4574 με’ρισιν
269 4486 344 4552 ibid.
380 4487 466 4574 μάχη
490 4491 517 4552 ἓν
540 4492 596 4563 τοῖς
623 4491 777 4563 ἕτιλικτοις
800 4506 856 4572 5ο,
879 4505 933 4566 40.
977 4488 1005 4548 ἐν
1026 4489 1083 4560 τοῖς
1103 4481 1233 4567 τολίμοις
