<?xml version="1.0" encoding="UTF-8"?>
<!DOCTYPE html PUBLIC "-//W3C//DTD XHTML 1.0 Transitional//EN"
    "http://www.w3.org/TR/xhtml1/DTD/xhtml1-transitional.dtd">
<html xmlns="http://www.w3.org/1999/xhtml" xml:lang="en" lang="en">
 <head>
  <title>
</title>
<meta http-equiv="Content-Type" content="text/html;charset=utf-8" />
  <meta name='ocr-system' content='tesseract 3.04.00' />
  <meta name='ocr-capabilities' content='ocr_page ocr_carea ocr_par ocr_line ocrx_word'/>
</head>
<body>
  <div class='ocr_page' id='page_1' title='image "./indicesgraecita00mitcgoog_0273.png"; bbox 0 0 2984 5000; ppageno 0'>
   <div class='ocr_carea' id='block_1_1' title="bbox 530 278 1244 368">
    <p class='ocr_par' dir='ltr' id='par_1_1' title="bbox 530 278 1244 368">
     <span class='ocr_line' id='line_1_1' title="bbox 530 278 1244 368; baseline 0.001 -23"><span class='ocrx_word' id='word_1_1' title='bbox 530 278 854 348; x_wconf 78' lang='lat' dir='ltr'><strong>GRAECITATIS.</strong></span> <span class='ocrx_word' id='word_1_2' title='bbox 1181 294 1244 368; x_wconf 80' lang='grc'><strong>259</strong></span> 
     </span>
    </p>
   </div>
   <div class='ocr_carea' id='block_1_2' title="bbox 133 445 1277 4058">
    <p class='ocr_par' dir='ltr' id='par_1_2' title="bbox 138 445 1244 620">
     <span class='ocr_line' id='line_1_2' title="bbox 138 445 1244 616; baseline 0.002 -82"><span class='ocrx_word' id='word_1_3' title='bbox 138 538 156 616; x_wconf 62' lang='grc' dir='ltr'><strong><em>ζ</em></strong></span> <span class='ocrx_word' id='word_1_4' title='bbox 181 447 322 557; x_wconf 49' lang='lat' dir='ltr'><strong>lpum]</strong></span> <span class='ocrx_word' id='word_1_5' title='bbox 338 451 378 598; x_wconf 52' lang='grc' dir='ltr'><strong>γλ</strong></span> <span class='ocrx_word' id='word_1_6' title='bbox 392 449 510 535; x_wconf 62' lang='grc' dir='ltr'><strong>δεινοί</strong></span> <span class='ocrx_word' id='word_1_7' title='bbox 525 445 605 536; x_wconf 65' lang='lat' dir='ltr'><strong>[mil.</strong></span> <span class='ocrx_word' id='word_1_8' title='bbox 620 448 825 535; x_wconf 57' lang='grc' dir='ltr'><strong>ἀναίνονται</strong></span> <span class='ocrx_word' id='word_1_9' title='bbox 839 446 890 513; x_wconf 72' lang='lat' dir='ltr'><strong>vel</strong></span> <span class='ocrx_word' id='word_1_10' title='bbox 903 445 1117 536; x_wconf 65' lang='grc' dir='ltr'><strong>νοννᾶτνοτο]</strong></span> <span class='ocrx_word' id='word_1_11' title='bbox 1132 476 1244 536; x_wconf 60' lang='lat' dir='ltr'><strong>aava·</strong></span> 
     </span>
     <span class='ocr_line' id='line_1_3' title="bbox 155 550 444 620; baseline 0.01 -3"><span class='ocrx_word' id='word_1_12' title='bbox 155 560 264 617; x_wconf 55' lang='grc' dir='ltr'><strong>ΨΜ</strong></span> <span class='ocrx_word' id='word_1_13' title='bbox 281 554 344 616; x_wconf 82' lang='lat'><strong>¹40</strong></span> <span class='ocrx_word' id='word_1_14' title='bbox 367 581 377 614; x_wconf 88' lang='grc' dir='ltr'><strong>ν</strong></span> <span class='ocrx_word' id='word_1_15' title='bbox 395 550 444 620; x_wconf 83' lang='grc' dir='ltr'><strong>Ῑ5·</strong></span> 
     </span>
    </p>

    <p class='ocr_par' dir='ltr' id='par_1_3' title="bbox 182 619 789 708">
     <span class='ocr_line' id='line_1_4' title="bbox 182 619 789 708; baseline -0.002 -25"><span class='ocrx_word' id='word_1_16' title='bbox 182 621 355 708; x_wconf 74' lang='grc' dir='ltr'><strong>δρομοκήρυξ</strong></span> <span class='ocrx_word' id='word_1_17' title='bbox 369 620 424 685; x_wconf 76' lang='lat' dir='ltr'><strong>AE·</strong></span> <span class='ocrx_word' id='word_1_18' title='bbox 439 637 495 707; x_wconf 83' lang='lat'>45,</span> <span class='ocrx_word' id='word_1_19' title='bbox 511 639 564 689; x_wconf 89' lang='grc' dir='ltr'><strong>2ο.</strong></span> <span class='ocrx_word' id='word_1_20' title='bbox 578 645 610 687; x_wconf 83' lang='grc' dir='ltr'><strong>ν.</strong></span> <span class='ocrx_word' id='word_1_21' title='bbox 626 619 789 707; x_wconf 77' lang='grc' dir='ltr'><strong>δημακῆρυξ.</strong></span> 
     </span>
    </p>

    <p class='ocr_par' dir='ltr' id='par_1_4' title="bbox 135 704 1244 1134">
     <span class='ocr_line' id='line_1_5' title="bbox 181 704 1244 795; baseline -0.005 -28"><span class='ocrx_word' id='word_1_22' title='bbox 181 705 290 792; x_wconf 89' lang='grc' dir='ltr'><strong>δρόμος]</strong></span> <span class='ocrx_word' id='word_1_23' title='bbox 307 706 391 771; x_wconf 87' lang='grc' dir='ltr'><strong>ίππου</strong></span> <span class='ocrx_word' id='word_1_24' title='bbox 405 708 502 792; x_wconf 88' lang='grc' dir='ltr'><strong>δρόμον</strong></span> <span class='ocrx_word' id='word_1_25' title='bbox 517 708 620 792; x_wconf 78' lang='grc' dir='ltr'><strong>ἡμέρας</strong></span> <span class='ocrx_word' id='word_1_26' title='bbox 638 705 684 791; x_wconf 82' lang='lat' dir='ltr'><strong>[id</strong></span> <span class='ocrx_word' id='word_1_27' title='bbox 698 719 745 770; x_wconf 81' lang='lat' dir='ltr'><strong>eat</strong></span> <span class='ocrx_word' id='word_1_28' title='bbox 760 704 823 768; x_wconf 85' lang='grc' dir='ltr'><strong>θσον</strong></span> <span class='ocrx_word' id='word_1_29' title='bbox 836 704 916 779; x_wconf 87' lang='grc' dir='ltr'><strong>ίτπος</strong></span> <span class='ocrx_word' id='word_1_30' title='bbox 931 706 976 770; x_wconf 85' lang='grc' dir='ltr'><strong>διοδ</strong></span> <span class='ocrx_word' id='word_1_31' title='bbox 990 710 1057 786; x_wconf 77' lang='grc' dir='ltr'><strong>μιᾶς</strong></span> <span class='ocrx_word' id='word_1_32' title='bbox 1069 705 1172 791; x_wconf 78' lang='grc' dir='ltr'><strong>ἡμέρας</strong></span> <span class='ocrx_word' id='word_1_33' title='bbox 1181 708 1244 795; x_wconf 86' lang='grc' dir='ltr'><strong>πρέ.</strong></span> 
     </span>
     <span class='ocr_line' id='line_1_6' title="bbox 135 789 1243 880; baseline 0.001 -26"><span class='ocrx_word' id='word_1_34' title='bbox 135 792 203 880; x_wconf 87' lang='grc' dir='ltr'><strong>χοι]</strong></span> <span class='ocrx_word' id='word_1_35' title='bbox 218 796 286 879; x_wconf 75' lang='grc' dir='ltr'><strong>πεζῇ</strong></span> <span class='ocrx_word' id='word_1_36' title='bbox 295 795 335 874; x_wconf 79' lang='grc' dir='ltr'><strong>μὴ</strong></span> <span class='ocrx_word' id='word_1_37' title='bbox 347 790 530 870; x_wconf 85' lang='grc' dir='ltr'><strong>καταβαίνειν</strong></span> <span class='ocrx_word' id='word_1_38' title='bbox 543 794 587 856; x_wconf 75' lang='grc' dir='ltr'><strong>ἐπί</strong></span> <span class='ocrx_word' id='word_1_39' title='bbox 597 797 645 871; x_wconf 75' lang='grc' dir='ltr'><strong>τὴν</strong></span> <span class='ocrx_word' id='word_1_40' title='bbox 658 791 804 856; x_wconf 83' lang='grc' dir='ltr'><strong>θάλατταν</strong></span> <span class='ocrx_word' id='word_1_41' title='bbox 811 789 940 868; x_wconf 79' lang='grc' dir='ltr'><strong>βασιλέα</strong></span> <span class='ocrx_word' id='word_1_42' title='bbox 952 791 1029 871; x_wconf 93' lang='grc'><strong>428,</strong></span> <span class='ocrx_word' id='word_1_43' title='bbox 1038 790 1097 855; x_wconf 89' lang='lat' dir='ltr'><strong>ult.</strong></span> <span class='ocrx_word' id='word_1_44' title='bbox 1120 799 1176 856; x_wconf 82' lang='grc' dir='ltr'><strong>τῶν</strong></span> <span class='ocrx_word' id='word_1_45' title='bbox 1183 792 1243 879; x_wconf 91' lang='grc' dir='ltr'><strong>δρό-</strong></span> 
     </span>
     <span class='ocr_line' id='line_1_7' title="bbox 136 876 1241 964; baseline 0.003 -23"><span class='ocrx_word' id='word_1_46' title='bbox 136 904 197 958; x_wconf 80' lang='grc' dir='ltr'><strong>μων</strong></span> <span class='ocrx_word' id='word_1_47' title='bbox 211 876 357 958; x_wconf 74' lang='grc' dir='ltr'><strong>φιλοπονία</strong></span> <span class='ocrx_word' id='word_1_48' title='bbox 373 879 467 959; x_wconf 88' lang='lat'>1408,</span> <span class='ocrx_word' id='word_1_49' title='bbox 485 878 695 956; x_wconf 84' lang='lat' dir='ltr'><strong>21.=orbita‚</strong></span> <span class='ocrx_word' id='word_1_50' title='bbox 711 876 761 941; x_wconf 86' lang='lat' dir='ltr'><strong>vel</strong></span> <span class='ocrx_word' id='word_1_51' title='bbox 776 898 859 954; x_wconf 71' lang='lat' dir='ltr'><strong>area,</strong></span> <span class='ocrx_word' id='word_1_52' title='bbox 875 876 908 939; x_wconf 88' lang='lat' dir='ltr'><strong>in</strong></span> <span class='ocrx_word' id='word_1_53' title='bbox 927 899 993 964; x_wconf 84' lang='lat' dir='ltr'><strong>qua</strong></span> <span class='ocrx_word' id='word_1_54' title='bbox 1011 876 1158 943; x_wconf 85' lang='lat' dir='ltr'><strong>curritur.</strong></span> <span class='ocrx_word' id='word_1_55' title='bbox 1204 885 1241 955; x_wconf 84' lang='grc' dir='ltr'><strong>είς</strong></span> 
     </span>
     <span class='ocr_line' id='line_1_8' title="bbox 137 963 1241 1051; baseline -0.002 -23"><span class='ocrx_word' id='word_1_56' title='bbox 137 964 184 1028; x_wconf 86' lang='grc' dir='ltr'><strong>τδν</strong></span> <span class='ocrx_word' id='word_1_57' title='bbox 197 970 247 1027; x_wconf 84' lang='grc' dir='ltr'><strong>τοῦ</strong></span> <span class='ocrx_word' id='word_1_58' title='bbox 260 963 430 1048; x_wconf 87' lang='grc' dir='ltr'><strong>πράγματος</strong></span> <span class='ocrx_word' id='word_1_59' title='bbox 443 968 529 1028; x_wconf 74' lang='grc' dir='ltr'><strong>αὐτοῦ</strong></span> <span class='ocrx_word' id='word_1_60' title='bbox 542 964 639 1050; x_wconf 87' lang='grc' dir='ltr'><strong>δρόμον</strong></span> <span class='ocrx_word' id='word_1_61' title='bbox 653 963 819 1028; x_wconf 74' lang='grc' dir='ltr'><strong>εἰσελαύνειν</strong></span> <span class='ocrx_word' id='word_1_62' title='bbox 833 963 889 1026; x_wconf 80' lang='lat' dir='ltr'><strong>AE.</strong></span> <span class='ocrx_word' id='word_1_63' title='bbox 906 978 960 1048; x_wconf 90' lang='grc'><strong>25,</strong></span> <span class='ocrx_word' id='word_1_64' title='bbox 977 982 1027 1027; x_wconf 94' lang='grc'><strong>10.</strong></span> <span class='ocrx_word' id='word_1_65' title='bbox 1059 968 1083 1027; x_wconf 89' lang='grc' dir='ltr'><strong>εί</strong></span> <span class='ocrx_word' id='word_1_66' title='bbox 1096 967 1135 1046; x_wconf 75' lang='grc' dir='ltr'><strong>μὴ</strong></span> <span class='ocrx_word' id='word_1_67' title='bbox 1149 965 1241 1051; x_wconf 71' lang='grc' dir='ltr'><strong>δρόμαρ</strong></span> 
     </span>
     <span class='ocr_line' id='line_1_9' title="bbox 136 1048 707 1134; baseline -0.002 -21"><span class='ocrx_word' id='word_1_68' title='bbox 136 1048 219 1131; x_wconf 81' lang='grc' dir='ltr'><strong>μόλις</strong></span> <span class='ocrx_word' id='word_1_69' title='bbox 233 1050 400 1132; x_wconf 70' lang='grc' dir='ltr'><strong>ἐξεφύγομεν</strong></span> <span class='ocrx_word' id='word_1_70' title='bbox 415 1054 450 1124; x_wconf 87' lang='grc' dir='ltr'><strong>είς</strong></span> <span class='ocrx_word' id='word_1_71' title='bbox 466 1051 592 1132; x_wconf 83' lang='grc' dir='ltr'><strong>Δελφοὺς</strong></span> <span class='ocrx_word' id='word_1_72' title='bbox 607 1067 661 1134; x_wconf 90' lang='lat'><strong>71,</strong></span> <span class='ocrx_word' id='word_1_73' title='bbox 677 1052 707 1114; x_wconf 89' lang='lat'><strong>6.</strong></span> 
     </span>
    </p>

    <p class='ocr_par' dir='ltr' id='par_1_5' title="bbox 139 1125 1241 1307">
     <span class='ocr_line' id='line_1_10' title="bbox 182 1125 1241 1219; baseline 0.003 -22"><span class='ocrx_word' id='word_1_74' title='bbox 182 1133 263 1219; x_wconf 77' lang='grc' dir='ltr'><strong>δέειν]</strong></span> <span class='ocrx_word' id='word_1_75' title='bbox 282 1134 360 1212; x_wconf 78' lang='grc' dir='ltr'><strong>ἡλίου</strong></span> <span class='ocrx_word' id='word_1_76' title='bbox 373 1135 511 1210; x_wconf 75' lang='grc' dir='ltr'><strong>δεδυκότος</strong></span> <span class='ocrx_word' id='word_1_77' title='bbox 526 1125 581 1199; x_wconf 79' lang='lat' dir='ltr'><strong>AE.</strong></span> <span class='ocrx_word' id='word_1_78' title='bbox 598 1154 629 1217; x_wconf 85' lang='lat'><strong>2,</strong></span> <span class='ocrx_word' id='word_1_79' title='bbox 646 1135 698 1200; x_wconf 90' lang='lat'><strong>18.</strong></span> <span class='ocrx_word' id='word_1_80' title='bbox 737 1134 867 1212; x_wconf 89' lang='grc' dir='ltr'><strong>δεσπότης</strong></span> <span class='ocrx_word' id='word_1_81' title='bbox 883 1132 1012 1197; x_wconf 80' lang='grc' dir='ltr'><strong>ἀπάντων</strong></span> <span class='ocrx_word' id='word_1_82' title='bbox 1031 1131 1174 1217; x_wconf 78' lang='grc' dir='ltr'><strong>ἀνθράκων</strong></span> <span class='ocrx_word' id='word_1_83' title='bbox 1192 1139 1241 1219; x_wconf 81' lang='grc' dir='ltr'><strong>ἀφ’</strong></span> 
     </span>
     <span class='ocr_line' id='line_1_11' title="bbox 139 1218 1204 1307; baseline 0.002 -24"><span class='ocrx_word' id='word_1_84' title='bbox 139 1218 218 1297; x_wconf 75' lang='grc' dir='ltr'><strong>ἡλίου</strong></span> <span class='ocrx_word' id='word_1_85' title='bbox 231 1221 351 1295; x_wconf 73' lang='grc' dir='ltr'><strong>ἀνιόντος</strong></span> <span class='ocrx_word' id='word_1_86' title='bbox 364 1219 453 1306; x_wconf 83' lang='grc' dir='ltr'><strong>μέχρι</strong></span> <span class='ocrx_word' id='word_1_87' title='bbox 467 1221 594 1302; x_wconf 74' lang='grc' dir='ltr'><strong>δυομένου</strong></span> <span class='ocrx_word' id='word_1_88' title='bbox 610 1239 663 1307; x_wconf 89' lang='grc'><strong>72,</strong></span> <span class='ocrx_word' id='word_1_89' title='bbox 680 1218 855 1304; x_wconf 69' lang='grc' dir='ltr'><strong>27.εὴλίου</strong></span> <span class='ocrx_word' id='word_1_90' title='bbox 869 1218 1007 1293; x_wconf 77' lang='grc' dir='ltr'><strong>δεδυκότος</strong></span> <span class='ocrx_word' id='word_1_91' title='bbox 1023 1218 1064 1283; x_wconf 86' lang='lat' dir='ltr'><strong>L.</strong></span> <span class='ocrx_word' id='word_1_92' title='bbox 1080 1238 1133 1304; x_wconf 83' lang='lat'><strong>93,</strong></span> <span class='ocrx_word' id='word_1_93' title='bbox 1148 1239 1204 1302; x_wconf 88' lang='lat'>42.</span> 
     </span>
    </p>

    <p class='ocr_par' dir='ltr' id='par_1_6' title="bbox 133 1302 1277 4058">
     <span class='ocr_line' id='line_1_12' title="bbox 182 1302 1237 1454; baseline 0.002 -84"><span class='ocrx_word' id='word_1_94' title='bbox 182 1306 295 1404; x_wconf 77' lang='grc' dir='ltr'><strong>δύναμις</strong></span> <span class='ocrx_word' id='word_1_95' title='bbox 315 1305 458 1404; x_wconf 71' lang='lat' dir='ltr'><strong>faoulms,</strong></span> <span class='ocrx_word' id='word_1_96' title='bbox 472 1320 622 1394; x_wconf 81' lang='lat' dir='ltr'><strong>potestas,</strong></span> <span class='ocrx_word' id='word_1_97' title='bbox 639 1305 793 1406; x_wconf 72' lang='lat' dir='ltr'><strong>potentia,</strong></span> <span class='ocrx_word' id='word_1_98' title='bbox 807 1304 865 1397; x_wconf 81' lang='lat' dir='ltr'><strong>vis,</strong></span> <span class='ocrx_word' id='word_1_99' title='bbox 885 1302 1051 1454; x_wconf 54' lang='lat' dir='ltr'><strong>nogiaefei</strong></span> <span class='ocrx_word' id='word_1_100' title='bbox 1071 1306 1237 1401; x_wconf 65' lang='lat' dir='ltr'><strong>nujusque,</strong></span> 
     </span>
     <span class='ocr_line' id='line_1_13' title="bbox 137 1390 1241 1566; baseline 0.002 -25"><span class='ocrx_word' id='word_1_101' title='bbox 137 1390 909 1566; x_wconf 54' lang='lat' dir='ltr'><strong>le&#39;l‘iaeufflcfflffilifflilqieffiemll</strong></span> <span class='ocrx_word' id='word_1_102' title='bbox 924 1413 1005 1540; x_wconf 54' lang='lat'><strong>³52¹:</strong></span> <span class='ocrx_word' id='word_1_103' title='bbox 1018 1390 1241 1543; x_wconf 62' lang='lat' dir='ltr'><strong>lllllllli&#39;</strong></span> 
     </span>
     <span class='ocr_line' id='line_1_14' title="bbox 139 1561 1239 1650; baseline 0.002 -23"><span class='ocrx_word' id='word_1_104' title='bbox 139 1568 316 1649; x_wconf 80' lang='grc' dir='ltr'><strong>ἐπιοριιοδντα</strong></span> <span class='ocrx_word' id='word_1_105' title='bbox 330 1566 379 1628; x_wconf 84' lang='grc' dir='ltr'><strong>καί</strong></span> <span class='ocrx_word' id='word_1_106' title='bbox 393 1564 556 1647; x_wconf 76' lang='grc' dir='ltr'><strong>ψευδόμενον</strong></span> <span class='ocrx_word' id='word_1_107' title='bbox 567 1566 678 1647; x_wconf 88' lang='grc' dir='ltr'><strong>δύναμιν</strong></span> <span class='ocrx_word' id='word_1_108' title='bbox 689 1564 811 1645; x_wconf 77' lang='grc' dir='ltr'><strong>βεβαίαν</strong></span> <span class='ocrx_word' id='word_1_109' title='bbox 822 1565 971 1639; x_wconf 75' lang='grc' dir='ltr'><strong>κεκτῆσθαι</strong></span> <span class='ocrx_word' id='word_1_110' title='bbox 984 1580 1037 1637; x_wconf 88' lang='grc' dir='ltr'><strong>2ο,</strong></span> <span class='ocrx_word' id='word_1_111' title='bbox 1048 1561 1107 1626; x_wconf 83' lang='grc'><strong>1111.</strong></span> <span class='ocrx_word' id='word_1_112' title='bbox 1139 1563 1239 1650; x_wconf 73' lang='grc' dir='ltr'><strong>θέχιον</strong></span> 
     </span>
     <span class='ocr_line' id='line_1_15' title="bbox 138 1646 1238 1737; baseline 0.001 -25"><span class='ocrx_word' id='word_1_113' title='bbox 138 1650 250 1729; x_wconf 83' lang='grc' dir='ltr'><strong>δύναμιν</strong></span> <span class='ocrx_word' id='word_1_114' title='bbox 264 1654 464 1728; x_wconf 76' lang='grc' dir='ltr'><strong>συνεστηκυῖαν</strong></span> <span class='ocrx_word' id='word_1_115' title='bbox 477 1653 519 1714; x_wconf 85' lang='grc' dir='ltr'><strong>ἀεί</strong></span> <span class='ocrx_word' id='word_1_116' title='bbox 534 1650 596 1737; x_wconf 83' lang='grc' dir='ltr'><strong>περί</strong></span> <span class='ocrx_word' id='word_1_117' title='bbox 609 1654 704 1729; x_wconf 75' lang='grc' dir='ltr'><strong>αὐτὸν,</strong></span> <span class='ocrx_word' id='word_1_118' title='bbox 720 1650 769 1715; x_wconf 86' lang='grc' dir='ltr'><strong>καί</strong></span> <span class='ocrx_word' id='word_1_119' title='bbox 786 1648 912 1733; x_wconf 83' lang='grc' dir='ltr'><strong>προειδυδς</strong></span> <span class='ocrx_word' id='word_1_120' title='bbox 932 1646 952 1712; x_wconf 81' lang='grc' dir='ltr'><strong>οδ</strong></span> <span class='ocrx_word' id='word_1_121' title='bbox 971 1647 1103 1728; x_wconf 87' lang='grc' dir='ltr'><strong>βούλεται</strong></span> <span class='ocrx_word' id='word_1_122' title='bbox 1121 1654 1238 1734; x_wconf 78' lang='grc' dir='ltr'><strong>πρᾶξαι,</strong></span> 
     </span>
     <span class='ocr_line' id='line_1_16' title="bbox 138 1733 1239 1822; baseline 0 -24"><span class='ocrx_word' id='word_1_123' title='bbox 138 1735 263 1816; x_wconf 68' lang='grc' dir='ltr'><strong>ὶξαίφνης</strong></span> <span class='ocrx_word' id='word_1_124' title='bbox 275 1738 316 1815; x_wconf 73' lang='grc' dir='ltr'><strong>ἔφ’</strong></span> <span class='ocrx_word' id='word_1_125' title='bbox 326 1734 370 1811; x_wconf 77' lang='grc' dir='ltr'><strong>οὓς</strong></span> <span class='ocrx_word' id='word_1_126' title='bbox 380 1735 415 1800; x_wconf 86' lang='grc' dir='ltr'><strong>ἀν</strong></span> <span class='ocrx_word' id='word_1_127' title='bbox 425 1740 501 1821; x_wconf 75' lang='grc' dir='ltr'><strong>αύτῷ</strong></span> <span class='ocrx_word' id='word_1_128' title='bbox 512 1738 586 1822; x_wconf 73' lang='grc' dir='ltr'><strong>δόξη,</strong></span> <span class='ocrx_word' id='word_1_129' title='bbox 596 1736 728 1820; x_wconf 82' lang='grc' dir='ltr'><strong>πάρεστιν</strong></span> <span class='ocrx_word' id='word_1_130' title='bbox 739 1755 795 1820; x_wconf 89' lang='grc'><strong>92,</strong></span> <span class='ocrx_word' id='word_1_131' title='bbox 807 1754 860 1820; x_wconf 90' lang='grc'><strong>23.</strong></span> <span class='ocrx_word' id='word_1_132' title='bbox 883 1738 938 1821; x_wconf 78' lang='grc' dir='ltr'><strong>οὐχ</strong></span> <span class='ocrx_word' id='word_1_133' title='bbox 949 1733 979 1811; x_wconf 72' lang='grc' dir='ltr'><strong>ἢν</strong></span> <span class='ocrx_word' id='word_1_134' title='bbox 989 1739 1118 1819; x_wconf 75' lang='grc' dir='ltr'><strong>πειρᾶται</strong></span> <span class='ocrx_word' id='word_1_135' title='bbox 1129 1735 1239 1800; x_wconf 87' lang='grc' dir='ltr'><strong>Διοπεί-</strong></span> 
     </span>
     <span class='ocr_line' id='line_1_17' title="bbox 138 1820 1238 1907; baseline -0.001 -21"><span class='ocrx_word' id='word_1_136' title='bbox 138 1823 182 1898; x_wconf 83' lang='grc' dir='ltr'><strong>θης</strong></span> <span class='ocrx_word' id='word_1_137' title='bbox 203 1826 237 1907; x_wconf 69' lang='grc' dir='ltr'><strong>τῇ</strong></span> <span class='ocrx_word' id='word_1_138' title='bbox 259 1821 338 1886; x_wconf 88' lang='grc' dir='ltr'><strong>πόλει</strong></span> <span class='ocrx_word' id='word_1_139' title='bbox 361 1822 577 1887; x_wconf 87' lang='grc' dir='ltr'><strong>κατασκευάσαι</strong></span> <span class='ocrx_word' id='word_1_140' title='bbox 600 1824 723 1907; x_wconf 88' lang='grc' dir='ltr'><strong>δύναμιν,</strong></span> <span class='ocrx_word' id='word_1_141' title='bbox 737 1820 840 1898; x_wconf 85' lang='grc' dir='ltr'><strong>ταύτην</strong></span> <span class='ocrx_word' id='word_1_142' title='bbox 862 1820 1027 1900; x_wconf 81' lang='grc' dir='ltr'><strong>βασκαίνειν</strong></span> <span class='ocrx_word' id='word_1_143' title='bbox 1049 1820 1097 1882; x_wconf 89' lang='grc' dir='ltr'><strong>καί</strong></span> <span class='ocrx_word' id='word_1_144' title='bbox 1119 1820 1238 1885; x_wconf 77' lang='grc' dir='ltr'><strong>διαλύειν</strong></span> 
     </span>
     <span class='ocr_line' id='line_1_18' title="bbox 138 1904 1238 1994; baseline -0.002 -22"><span class='ocrx_word' id='word_1_145' title='bbox 138 1924 192 1992; x_wconf 89' lang='grc'><strong>94,</strong></span> <span class='ocrx_word' id='word_1_146' title='bbox 210 1927 259 1991; x_wconf 89' lang='grc'><strong>19.</strong></span> <span class='ocrx_word' id='word_1_147' title='bbox 303 1908 431 1994; x_wconf 84' lang='grc' dir='ltr'><strong>συνέχειν</strong></span> <span class='ocrx_word' id='word_1_148' title='bbox 444 1912 493 1986; x_wconf 73' lang='grc' dir='ltr'><strong>τὴν</strong></span> <span class='ocrx_word' id='word_1_149' title='bbox 507 1908 690 1994; x_wconf 79' lang='grc' dir='ltr'><strong>ὑπάρχουσαν</strong></span> <span class='ocrx_word' id='word_1_150' title='bbox 704 1907 816 1987; x_wconf 90' lang='grc' dir='ltr'><strong>δύναμιν</strong></span> <span class='ocrx_word' id='word_1_151' title='bbox 834 1905 906 1985; x_wconf 89' lang='lat'>108,</span> <span class='ocrx_word' id='word_1_152' title='bbox 921 1904 980 1970; x_wconf 81' lang='lat' dir='ltr'><strong>ult.</strong></span> <span class='ocrx_word' id='word_1_153' title='bbox 1017 1906 1048 1968; x_wconf 80' lang='grc' dir='ltr'><strong>τὸ</strong></span> <span class='ocrx_word' id='word_1_154' title='bbox 1063 1907 1174 1984; x_wconf 75' lang='grc' dir='ltr'><strong>εὐσεβές</strong></span> <span class='ocrx_word' id='word_1_155' title='bbox 1190 1906 1238 1970; x_wconf 82' lang='grc' dir='ltr'><strong>καί</strong></span> 
     </span>
     <span class='ocr_line' id='line_1_19' title="bbox 136 1989 1239 2078; baseline 0.001 -23"><span class='ocrx_word' id='word_1_156' title='bbox 136 1994 169 2056; x_wconf 91' lang='grc' dir='ltr'><strong>τδ</strong></span> <span class='ocrx_word' id='word_1_157' title='bbox 184 1991 290 2056; x_wconf 87' lang='grc' dir='ltr'><strong>δίκαιον</strong></span> <span class='ocrx_word' id='word_1_158' title='bbox 306 1992 340 2058; x_wconf 88' lang='grc' dir='ltr'><strong>άν</strong></span> <span class='ocrx_word' id='word_1_159' title='bbox 360 1996 385 2056; x_wconf 82' lang='grc' dir='ltr'><strong>τ’</strong></span> <span class='ocrx_word' id='word_1_160' title='bbox 401 1994 445 2058; x_wconf 63' lang='lat' dir='ltr'><strong>lul</strong></span> <span class='ocrx_word' id='word_1_161' title='bbox 466 1999 577 2078; x_wconf 80' lang='grc' dir='ltr'><strong>μικροῦ,</strong></span> <span class='ocrx_word' id='word_1_162' title='bbox 592 1993 627 2058; x_wconf 83' lang='grc' dir='ltr'><strong>άν</strong></span> <span class='ocrx_word' id='word_1_163' title='bbox 648 1996 673 2058; x_wconf 88' lang='grc' dir='ltr'><strong>τ’</strong></span> <span class='ocrx_word' id='word_1_164' title='bbox 689 1994 732 2056; x_wconf 73' lang='grc' dir='ltr'><strong>ἐπί</strong></span> <span class='ocrx_word' id='word_1_165' title='bbox 754 1990 875 2074; x_wconf 85' lang='grc' dir='ltr'><strong>μείζονος</strong></span> <span class='ocrx_word' id='word_1_166' title='bbox 894 1989 1067 2076; x_wconf 82' lang='grc' dir='ltr'><strong>παραβαίνη,</strong></span> <span class='ocrx_word' id='word_1_167' title='bbox 1082 1993 1131 2068; x_wconf 74' lang='grc' dir='ltr'><strong>τὴν</strong></span> <span class='ocrx_word' id='word_1_168' title='bbox 1153 1994 1239 2069; x_wconf 76' lang='grc' dir='ltr'><strong>αὐτὴν</strong></span> 
     </span>
     <span class='ocr_line' id='line_1_20' title="bbox 137 2076 1238 2164; baseline -0.001 -24"><span class='ocrx_word' id='word_1_169' title='bbox 137 2077 251 2160; x_wconf 87' lang='grc' dir='ltr'><strong>δύναμιν</strong></span> <span class='ocrx_word' id='word_1_170' title='bbox 269 2079 342 2164; x_wconf 67' lang='grc' dir='ltr'><strong>ἔχει.</strong></span> <span class='ocrx_word' id='word_1_171' title='bbox 386 2078 571 2144; x_wconf 80' lang='lat' dir='ltr'><strong>tantundem</strong></span> <span class='ocrx_word' id='word_1_172' title='bbox 587 2078 669 2144; x_wconf 84' lang='lat' dir='ltr'><strong>valet</strong></span> <span class='ocrx_word' id='word_1_173' title='bbox 685 2097 758 2160; x_wconf 89' lang='lat'>114,</span> <span class='ocrx_word' id='word_1_174' title='bbox 776 2092 828 2162; x_wconf 90' lang='grc'><strong>25.</strong></span> <span class='ocrx_word' id='word_1_175' title='bbox 872 2081 921 2140; x_wconf 87' lang='grc' dir='ltr'><strong>ποῖ</strong></span> <span class='ocrx_word' id='word_1_176' title='bbox 939 2077 1005 2139; x_wconf 78' lang='grc' dir='ltr'><strong>ποτέ</strong></span> <span class='ocrx_word' id='word_1_177' title='bbox 1028 2083 1043 2152; x_wconf 84' lang='grc' dir='ltr'><strong>ἡ</strong></span> <span class='ocrx_word' id='word_1_178' title='bbox 1064 2080 1112 2152; x_wconf 77' lang='grc' dir='ltr'><strong>τῆς</strong></span> <span class='ocrx_word' id='word_1_179' title='bbox 1133 2076 1238 2151; x_wconf 86' lang='grc' dir='ltr'><strong>πόλεως</strong></span> 
     </span>
     <span class='ocr_line' id='line_1_21' title="bbox 136 2159 1235 2251; baseline -0.001 -23"><span class='ocrx_word' id='word_1_180' title='bbox 136 2167 243 2250; x_wconf 69' lang='grc' dir='ltr'><strong>ἂνγ’,ρκε</strong></span> <span class='ocrx_word' id='word_1_181' title='bbox 257 2166 371 2247; x_wconf 89' lang='grc' dir='ltr'><strong>δύναμις</strong></span> <span class='ocrx_word' id='word_1_182' title='bbox 385 2166 433 2230; x_wconf 92' lang='grc' dir='ltr'><strong>καί</strong></span> <span class='ocrx_word' id='word_1_183' title='bbox 448 2172 499 2229; x_wconf 82' lang='grc' dir='ltr'><strong>τοῦ</strong></span> <span class='ocrx_word' id='word_1_184' title='bbox 513 2165 664 2244; x_wconf 70' lang='grc' dir='ltr'><strong>φανήσεται</strong></span> <span class='ocrx_word' id='word_1_185' title='bbox 682 2180 754 2251; x_wconf 87' lang='grc'><strong>137,</strong></span> <span class='ocrx_word' id='word_1_186' title='bbox 772 2182 822 2227; x_wconf 93' lang='grc'><strong>21.</strong></span> <span class='ocrx_word' id='word_1_187' title='bbox 855 2164 887 2226; x_wconf 89' lang='grc' dir='ltr'><strong>τδ</strong></span> <span class='ocrx_word' id='word_1_188' title='bbox 902 2163 1045 2245; x_wconf 78' lang='grc' dir='ltr'><strong>φοβεῖσθαι</strong></span> <span class='ocrx_word' id='word_1_189' title='bbox 1059 2164 1114 2236; x_wconf 85' lang='grc' dir='ltr'><strong>τοῖς</strong></span> <span class='ocrx_word' id='word_1_190' title='bbox 1125 2159 1235 2240; x_wconf 73' lang='grc' dir='ltr'><strong>ἄλλοις,</strong></span> 
     </span>
     <span class='ocr_line' id='line_1_22' title="bbox 136 2245 1237 2337; baseline -0.002 -24"><span class='ocrx_word' id='word_1_191' title='bbox 136 2251 169 2313; x_wconf 85' lang='grc' dir='ltr'><strong>τδ</strong></span> <span class='ocrx_word' id='word_1_192' title='bbox 183 2252 212 2314; x_wconf 76' lang='grc' dir='ltr'><strong>δὲ</strong></span> <span class='ocrx_word' id='word_1_193' title='bbox 226 2251 400 2337; x_wconf 73' lang='grc' dir='ltr'><strong>συμμάχους</strong></span> <span class='ocrx_word' id='word_1_194' title='bbox 413 2252 532 2326; x_wconf 84' lang='grc' dir='ltr'><strong>πολλοὺς</strong></span> <span class='ocrx_word' id='word_1_195' title='bbox 547 2255 595 2316; x_wconf 87' lang='grc' dir='ltr'><strong>καί</strong></span> <span class='ocrx_word' id='word_1_196' title='bbox 610 2251 721 2333; x_wconf 86' lang='grc' dir='ltr'><strong>δόναμιν</strong></span> <span class='ocrx_word' id='word_1_197' title='bbox 730 2249 860 2334; x_wconf 79' lang='grc' dir='ltr'><strong>μεγάλην</strong></span> <span class='ocrx_word' id='word_1_198' title='bbox 874 2247 961 2333; x_wconf 78' lang='grc' dir='ltr'><strong>έχειν,</strong></span> <span class='ocrx_word' id='word_1_199' title='bbox 974 2246 1066 2332; x_wconf 80' lang='grc' dir='ltr'><strong>δκιίνιρ</strong></span> <span class='ocrx_word' id='word_1_200' title='bbox 1076 2245 1237 2332; x_wconf 76' lang='grc' dir='ltr'><strong>περιγέγονε</strong></span> 
     </span>
     <span class='ocr_line' id='line_1_23' title="bbox 140 2331 1244 2424; baseline -0.003 -26"><span class='ocrx_word' id='word_1_201' title='bbox 140 2355 214 2416; x_wconf 86' lang='grc'><strong>144,</strong></span> <span class='ocrx_word' id='word_1_202' title='bbox 231 2355 263 2402; x_wconf 87' lang='grc'><strong>2.</strong></span> <span class='ocrx_word' id='word_1_203' title='bbox 306 2335 348 2400; x_wconf 76' lang='grc' dir='ltr'><strong>ότι</strong></span> <span class='ocrx_word' id='word_1_204' title='bbox 363 2338 391 2400; x_wconf 76' lang='lat' dir='ltr'><strong>ll</strong></span> <span class='ocrx_word' id='word_1_205' title='bbox 411 2340 450 2420; x_wconf 74' lang='grc' dir='ltr'><strong>μὴ</strong></span> <span class='ocrx_word' id='word_1_206' title='bbox 470 2341 529 2422; x_wconf 72' lang='grc' dir='ltr'><strong>χρὴ</strong></span> <span class='ocrx_word' id='word_1_207' title='bbox 552 2339 673 2424; x_wconf 76' lang='grc' dir='ltr'><strong>ὀρρωδεῖν</strong></span> <span class='ocrx_word' id='word_1_208' title='bbox 694 2339 743 2414; x_wconf 75' lang='grc' dir='ltr'><strong>τὴν</strong></span> <span class='ocrx_word' id='word_1_209' title='bbox 765 2333 866 2399; x_wconf 84' lang='grc' dir='ltr'><strong>έκιίνου</strong></span> <span class='ocrx_word' id='word_1_210' title='bbox 887 2332 998 2415; x_wconf 89' lang='grc' dir='ltr'><strong>δύναμιν</strong></span> <span class='ocrx_word' id='word_1_211' title='bbox 1016 2350 1088 2416; x_wconf 90' lang='grc'><strong>152,</strong></span> <span class='ocrx_word' id='word_1_212' title='bbox 1104 2351 1133 2416; x_wconf 93' lang='grc'><strong>9.</strong></span> <span class='ocrx_word' id='word_1_213' title='bbox 1171 2331 1244 2418; x_wconf 85' lang='grc' dir='ltr'><strong>πρδς·</strong></span> 
     </span>
     <span class='ocr_line' id='line_1_24' title="bbox 136 2418 1237 2510; baseline -0.002 -27"><span class='ocrx_word' id='word_1_214' title='bbox 136 2424 199 2497; x_wconf 86' lang='grc' dir='ltr'><strong>τοδς</strong></span> <span class='ocrx_word' id='word_1_215' title='bbox 213 2420 327 2496; x_wconf 88' lang='grc' dir='ltr'><strong>οίκείους</strong></span> <span class='ocrx_word' id='word_1_216' title='bbox 340 2422 476 2505; x_wconf 84' lang='grc' dir='ltr'><strong>πολέμους</strong></span> <span class='ocrx_word' id='word_1_217' title='bbox 491 2423 579 2508; x_wconf 78' lang='grc' dir='ltr'><strong>οίκείρ</strong></span> <span class='ocrx_word' id='word_1_218' title='bbox 592 2423 716 2510; x_wconf 79' lang='grc' dir='ltr'><strong>χρῆσθαι</strong></span> <span class='ocrx_word' id='word_1_219' title='bbox 731 2420 842 2505; x_wconf 78' lang='grc' dir='ltr'><strong>δυνάμει</strong></span> <span class='ocrx_word' id='word_1_220' title='bbox 856 2418 987 2505; x_wconf 79' lang='grc' dir='ltr'><strong>συμφόρει</strong></span> <span class='ocrx_word' id='word_1_221' title='bbox 1006 2418 1079 2496; x_wconf 87' lang='grc'><strong>168,</strong></span> <span class='ocrx_word' id='word_1_222' title='bbox 1095 2431 1124 2501; x_wconf 91' lang='lat'><strong>7.</strong></span> <span class='ocrx_word' id='word_1_223' title='bbox 1154 2418 1237 2482; x_wconf 86' lang='grc' dir='ltr'><strong>δύνα-</strong></span> 
     </span>
     <span class='ocr_line' id='line_1_25' title="bbox 135 2503 1237 2619; baseline -0.004 -48"><span class='ocrx_word' id='word_1_224' title='bbox 135 2535 183 2589; x_wconf 88' lang='grc' dir='ltr'><strong>μις</strong></span> <span class='ocrx_word' id='word_1_225' title='bbox 198 2509 369 2590; x_wconf 73' lang='grc' dir='ltr'><strong>ἐξητασμένη</strong></span> <span class='ocrx_word' id='word_1_226' title='bbox 384 2509 433 2572; x_wconf 89' lang='grc' dir='ltr'><strong>καί</strong></span> <span class='ocrx_word' id='word_1_227' title='bbox 445 2510 691 2619; x_wconf 87' lang='grc' dir='ltr'><strong>παρεσκευασμένη</strong></span> <span class='ocrx_word' id='word_1_228' title='bbox 711 2508 784 2585; x_wconf 91' lang='grc'><strong>180,</strong></span> <span class='ocrx_word' id='word_1_229' title='bbox 798 2527 829 2593; x_wconf 83' lang='grc'><strong>3.</strong></span> <span class='ocrx_word' id='word_1_230' title='bbox 875 2511 897 2569; x_wconf 91' lang='grc' dir='ltr'><strong>εί</strong></span> <span class='ocrx_word' id='word_1_231' title='bbox 911 2506 962 2588; x_wconf 74' lang='grc' dir='ltr'><strong>μὲν</strong></span> <span class='ocrx_word' id='word_1_232' title='bbox 976 2504 1021 2569; x_wconf 80' lang='grc' dir='ltr'><strong>οὖν</strong></span> <span class='ocrx_word' id='word_1_233' title='bbox 1036 2503 1123 2590; x_wconf 83' lang='grc' dir='ltr'><strong>έτερός</strong></span> <span class='ocrx_word' id='word_1_234' title='bbox 1142 2531 1184 2579; x_wconf 87' lang='grc' dir='ltr'><strong>τις</strong></span> <span class='ocrx_word' id='word_1_235' title='bbox 1205 2503 1237 2582; x_wconf 76' lang='grc' dir='ltr'><strong>ἦν</strong></span> 
     </span>
     <span class='ocr_line' id='line_1_26' title="bbox 135 2589 1236 2680; baseline -0.002 -24"><span class='ocrx_word' id='word_1_236' title='bbox 135 2594 234 2680; x_wconf 88' lang='grc' dir='ltr'><strong>τρόπος</strong></span> <span class='ocrx_word' id='word_1_237' title='bbox 247 2600 295 2670; x_wconf 73' lang='grc' dir='ltr'><strong>τῆς</strong></span> <span class='ocrx_word' id='word_1_238' title='bbox 310 2594 457 2675; x_wconf 89' lang='grc' dir='ltr'><strong>δυνάμεως,</strong></span> <span class='ocrx_word' id='word_1_239' title='bbox 472 2623 495 2679; x_wconf 84' lang='grc' dir='ltr'><strong>ορ</strong></span> <span class='ocrx_word' id='word_1_240' title='bbox 508 2596 570 2669; x_wconf 85' lang='grc' dir='ltr'><strong>τοὺς</strong></span> <span class='ocrx_word' id='word_1_241' title='bbox 584 2595 743 2680; x_wconf 71' lang='grc' dir='ltr'><strong>βαρβάρους</strong></span> <span class='ocrx_word' id='word_1_242' title='bbox 758 2594 808 2657; x_wconf 84' lang='grc' dir='ltr'><strong>οίόν</strong></span> <span class='ocrx_word' id='word_1_243' title='bbox 821 2619 853 2658; x_wconf 91' lang='grc' dir='ltr'><strong>τε</strong></span> <span class='ocrx_word' id='word_1_244' title='bbox 872 2590 902 2669; x_wconf 78' lang='grc' dir='ltr'><strong>ἦν</strong></span> <span class='ocrx_word' id='word_1_245' title='bbox 919 2591 1088 2671; x_wconf 83' lang='grc' dir='ltr'><strong>ἀμύνασθαι,</strong></span> <span class='ocrx_word' id='word_1_246' title='bbox 1104 2590 1192 2675; x_wconf 72' lang='grc' dir='ltr'><strong>ἕτερος</strong></span> <span class='ocrx_word' id='word_1_247' title='bbox 1208 2589 1236 2654; x_wconf 84' lang='grc' dir='ltr'><strong>δι’</strong></span> 
     </span>
     <span class='ocr_line' id='line_1_27' title="bbox 136 2675 1239 2765; baseline -0.001 -24"><span class='ocrx_word' id='word_1_248' title='bbox 136 2706 190 2757; x_wconf 85' lang='grc' dir='ltr'><strong>τις,</strong></span> <span class='ocrx_word' id='word_1_249' title='bbox 205 2678 229 2765; x_wconf 78' lang='grc' dir='ltr'><strong><em>ᾧ</em></strong></span> <span class='ocrx_word' id='word_1_250' title='bbox 242 2680 304 2755; x_wconf 80' lang='grc' dir='ltr'><strong>τοὺς</strong></span> <span class='ocrx_word' id='word_1_251' title='bbox 313 2678 460 2758; x_wconf 87' lang='grc' dir='ltr'><strong>Ἕλληνας</strong></span> <span class='ocrx_word' id='word_1_252' title='bbox 477 2681 550 2758; x_wconf 90' lang='grc'><strong>180,</strong></span> <span class='ocrx_word' id='word_1_253' title='bbox 568 2700 618 2761; x_wconf 80' lang='lat'>24</span> <span class='ocrx_word' id='word_1_254' title='bbox 652 2684 689 2743; x_wconf 81' lang='grc' dir='ltr'><strong>τοί</strong></span> <span class='ocrx_word' id='word_1_255' title='bbox 705 2678 847 2760; x_wconf 82' lang='grc' dir='ltr'><strong>κεφάλαια</strong></span> <span class='ocrx_word' id='word_1_256' title='bbox 863 2676 993 2763; x_wconf 79' lang='lat' dir='ltr'><strong>[summi</strong></span> <span class='ocrx_word' id='word_1_257' title='bbox 1007 2677 1098 2760; x_wconf 77' lang='lat' dir='ltr'><strong>fines]</strong></span> <span class='ocrx_word' id='word_1_258' title='bbox 1117 2675 1184 2738; x_wconf 88' lang='grc' dir='ltr'><strong>είναι</strong></span> <span class='ocrx_word' id='word_1_259' title='bbox 1199 2678 1239 2740; x_wconf 82' lang='grc' dir='ltr'><strong>δεῖ</strong></span> 
     </span>
     <span class='ocr_line' id='line_1_28' title="bbox 136 2762 1235 2852; baseline -0.005 -22"><span class='ocrx_word' id='word_1_260' title='bbox 136 2771 185 2849; x_wconf 73' lang='grc' dir='ltr'><strong>τῇς</strong></span> <span class='ocrx_word' id='word_1_261' title='bbox 199 2767 348 2847; x_wconf 85' lang='grc' dir='ltr'><strong>δυνάμεως,</strong></span> <span class='ocrx_word' id='word_1_262' title='bbox 363 2767 425 2839; x_wconf 87' lang='grc' dir='ltr'><strong>τοδς</strong></span> <span class='ocrx_word' id='word_1_263' title='bbox 439 2767 552 2852; x_wconf 74' lang='grc' dir='ltr'><strong>ἐχθροὺς</strong></span> <span class='ocrx_word' id='word_1_264' title='bbox 572 2766 729 2848; x_wconf 82' lang='grc' dir='ltr'><strong>ἀμύνασθαι</strong></span> <span class='ocrx_word' id='word_1_265' title='bbox 752 2765 894 2844; x_wconf 81' lang='grc' dir='ltr'><strong>δύνασθαι,</strong></span> <span class='ocrx_word' id='word_1_266' title='bbox 909 2767 965 2836; x_wconf 88' lang='grc' dir='ltr'><strong>τοῖς</strong></span> <span class='ocrx_word' id='word_1_267' title='bbox 986 2762 1046 2826; x_wconf 83' lang='grc' dir='ltr'><strong>οὖσι</strong></span> <span class='ocrx_word' id='word_1_268' title='bbox 1069 2762 1235 2848; x_wconf 72' lang='grc' dir='ltr'><strong>συμμάχοις</strong></span> 
     </span>
     <span class='ocr_line' id='line_1_29' title="bbox 136 2848 1233 2937; baseline -0.005 -22"><span class='ocrx_word' id='word_1_269' title='bbox 136 2852 252 2931; x_wconf 76' lang='grc' dir='ltr'><strong>βοηθεῖν,</strong></span> <span class='ocrx_word' id='word_1_270' title='bbox 266 2855 304 2915; x_wconf 81' lang='grc' dir='ltr'><strong>τοί</strong></span> <span class='ocrx_word' id='word_1_271' title='bbox 319 2850 471 2937; x_wconf 72' lang='grc' dir='ltr'><strong>ὑπάρχοντ’</strong></span> <span class='ocrx_word' id='word_1_272' title='bbox 486 2855 583 2937; x_wconf 84' lang='grc' dir='ltr'><strong>ἀγαθοὶ</strong></span> <span class='ocrx_word' id='word_1_273' title='bbox 597 2850 695 2932; x_wconf 84' lang='grc' dir='ltr'><strong>σάζειν</strong></span> <span class='ocrx_word' id='word_1_274' title='bbox 712 2851 784 2929; x_wconf 92' lang='grc'><strong>180,</strong></span> <span class='ocrx_word' id='word_1_275' title='bbox 801 2850 858 2916; x_wconf 87' lang='lat' dir='ltr'><strong>ult.</strong></span> <span class='ocrx_word' id='word_1_276' title='bbox 894 2848 1043 2931; x_wconf 77' lang='grc' dir='ltr'><strong>φιλοπόνως</strong></span> <span class='ocrx_word' id='word_1_277' title='bbox 1062 2848 1128 2934; x_wconf 77' lang='grc' dir='ltr'><strong>ύπδρ</strong></span> <span class='ocrx_word' id='word_1_278' title='bbox 1151 2850 1233 2910; x_wconf 90' lang='grc' dir='ltr'><strong>δύνα-</strong></span> 
     </span>
     <span class='ocr_line' id='line_1_30' title="bbox 135 2931 1235 3023; baseline -0.004 -23"><span class='ocrx_word' id='word_1_279' title='bbox 135 2964 183 3017; x_wconf 87' lang='grc' dir='ltr'><strong>μιν</strong></span> <span class='ocrx_word' id='word_1_280' title='bbox 196 2955 272 3023; x_wconf 88' lang='grc'><strong>292,</strong></span> <span class='ocrx_word' id='word_1_281' title='bbox 290 2951 342 3022; x_wconf 87' lang='grc'><strong>25.</strong></span> <span class='ocrx_word' id='word_1_282' title='bbox 373 2944 421 3013; x_wconf 74' lang='grc' dir='ltr'><strong>τῆς</strong></span> <span class='ocrx_word' id='word_1_283' title='bbox 434 2946 488 3001; x_wconf 76' lang='grc' dir='ltr'><strong>τῶν</strong></span> <span class='ocrx_word' id='word_1_284' title='bbox 501 2934 640 3021; x_wconf 78' lang='grc' dir='ltr'><strong>λεγόντοιν</strong></span> <span class='ocrx_word' id='word_1_285' title='bbox 654 2935 789 3017; x_wconf 84' lang='grc' dir='ltr'><strong>δυνάμεως</strong></span> <span class='ocrx_word' id='word_1_286' title='bbox 810 2936 903 3023; x_wconf 87' lang='lat' dir='ltr'>[ejus,</span> <span class='ocrx_word' id='word_1_287' title='bbox 918 2933 1004 3021; x_wconf 89' lang='lat' dir='ltr'><strong>quod</strong></span> <span class='ocrx_word' id='word_1_288' title='bbox 1019 2946 1157 2997; x_wconf 80' lang='lat' dir='ltr'><strong>oratores</strong></span> <span class='ocrx_word' id='word_1_289' title='bbox 1170 2931 1235 2996; x_wconf 86' lang='lat' dir='ltr'><strong>effi·</strong></span> 
     </span>
     <span class='ocr_line' id='line_1_31' title="bbox 135 3016 1236 3103; baseline -0.005 -16"><span class='ocrx_word' id='word_1_290' title='bbox 135 3046 206 3087; x_wconf 80' lang='lat' dir='ltr'><strong>oere</strong></span> <span class='ocrx_word' id='word_1_291' title='bbox 226 3022 341 3101; x_wconf 84' lang='lat' dir='ltr'><strong>valent,</strong></span> <span class='ocrx_word' id='word_1_292' title='bbox 361 3023 480 3087; x_wconf 80' lang='lat' dir='ltr'><strong>animos</strong></span> <span class='ocrx_word' id='word_1_293' title='bbox 501 3022 696 3088; x_wconf 83' lang='lat' dir='ltr'><strong>audientium</strong></span> <span class='ocrx_word' id='word_1_294' title='bbox 718 3019 944 3087; x_wconf 74' lang='lat' dir='ltr'><strong>commovendo</strong></span> <span class='ocrx_word' id='word_1_295' title='bbox 964 3034 996 3084; x_wconf 87' lang='lat' dir='ltr'><strong>et</strong></span> <span class='ocrx_word' id='word_1_296' title='bbox 1016 3016 1187 3103; x_wconf 81' lang='lat' dir='ltr'><strong>flectendo]</strong></span> <span class='ocrx_word' id='word_1_297' title='bbox 1202 3019 1236 3081; x_wconf 91' lang='grc' dir='ltr'><strong>τδ</strong></span> 
     </span>
     <span class='ocr_line' id='line_1_32' title="bbox 135 3109 1234 3194; baseline -0.006 -21"><span class='ocrx_word' id='word_1_298' title='bbox 135 3112 267 3173; x_wconf 86' lang='grc' dir='ltr'><strong>πλεῖστον</strong></span> <span class='ocrx_word' id='word_1_299' title='bbox 280 3110 361 3194; x_wconf 82' lang='grc' dir='ltr'><strong>μέρος</strong></span> <span class='ocrx_word' id='word_1_300' title='bbox 375 3111 437 3184; x_wconf 85' lang='grc' dir='ltr'><strong>τοὺς</strong></span> <span class='ocrx_word' id='word_1_301' title='bbox 452 3111 602 3184; x_wconf 86' lang='grc' dir='ltr'><strong>ἀκούοντας</strong></span> <span class='ocrx_word' id='word_1_302' title='bbox 616 3109 722 3194; x_wconf 86' lang='grc' dir='ltr'><strong>κυρίους</strong></span> <span class='ocrx_word' id='word_1_303' title='bbox 737 3109 816 3182; x_wconf 78' lang='grc' dir='ltr'><strong>ὄντας</strong></span> <span class='ocrx_word' id='word_1_304' title='bbox 830 3109 907 3193; x_wconf 90' lang='grc'><strong>318,</strong></span> <span class='ocrx_word' id='word_1_305' title='bbox 923 3126 952 3191; x_wconf 92' lang='grc'><strong>9.</strong></span> <span class='ocrx_word' id='word_1_306' title='bbox 996 3109 1045 3182; x_wconf 75' lang='grc' dir='ltr'><strong>την</strong></span> <span class='ocrx_word' id='word_1_307' title='bbox 1061 3111 1110 3168; x_wconf 83' lang='grc' dir='ltr'><strong>τοῦ</strong></span> <span class='ocrx_word' id='word_1_308' title='bbox 1129 3128 1234 3191; x_wconf 80' lang='grc' dir='ltr'><strong>κατορ·</strong></span> 
     </span>
     <span class='ocr_line' id='line_1_33' title="bbox 136 3192 1235 3281; baseline -0.007 -22"><span class='ocrx_word' id='word_1_309' title='bbox 136 3195 196 3259; x_wconf 80' lang='grc' dir='ltr'><strong>θοδν</strong></span> <span class='ocrx_word' id='word_1_310' title='bbox 209 3196 324 3277; x_wconf 87' lang='grc' dir='ltr'><strong>δύναμιν</strong></span> <span class='ocrx_word' id='word_1_311' title='bbox 337 3198 367 3258; x_wconf 83' lang='grc' dir='ltr'><strong>οὐ</strong></span> <span class='ocrx_word' id='word_1_312' title='bbox 381 3199 422 3281; x_wconf 73' lang='grc' dir='ltr'><strong>τῷ</strong></span> <span class='ocrx_word' id='word_1_313' title='bbox 436 3195 601 3280; x_wconf 75' lang='grc' dir='ltr'><strong>συμβούλῳ,</strong></span> <span class='ocrx_word' id='word_1_314' title='bbox 616 3198 696 3258; x_wconf 85' lang='grc' dir='ltr'><strong>ἀλλά</strong></span> <span class='ocrx_word' id='word_1_315' title='bbox 710 3199 767 3268; x_wconf 84' lang='grc' dir='ltr'><strong>τοῖς</strong></span> <span class='ocrx_word' id='word_1_316' title='bbox 782 3195 846 3270; x_wconf 84' lang='grc' dir='ltr'><strong>θεοῖς</strong></span> <span class='ocrx_word' id='word_1_317' title='bbox 861 3192 976 3270; x_wconf 84' lang='grc' dir='ltr'><strong>ἀνέθηκε</strong></span> <span class='ocrx_word' id='word_1_318' title='bbox 985 3209 1063 3276; x_wconf 88' lang='grc'><strong>322,</strong></span> <span class='ocrx_word' id='word_1_319' title='bbox 1081 3209 1130 3255; x_wconf 89' lang='grc'><strong>21.</strong></span> <span class='ocrx_word' id='word_1_320' title='bbox 1155 3215 1235 3268; x_wconf 88' lang='grc' dir='ltr'><strong>πονη-</strong></span> 
     </span>
     <span class='ocr_line' id='line_1_34' title="bbox 134 3275 1235 3368; baseline -0.005 -24"><span class='ocrx_word' id='word_1_321' title='bbox 134 3280 184 3364; x_wconf 88' lang='grc' dir='ltr'><strong>ρία</strong></span> <span class='ocrx_word' id='word_1_322' title='bbox 198 3282 335 3362; x_wconf 79' lang='grc' dir='ltr'><strong>δυνάμεως</strong></span> <span class='ocrx_word' id='word_1_323' title='bbox 349 3281 429 3357; x_wconf 76' lang='grc' dir='ltr'><strong>δόξαν</strong></span> <span class='ocrx_word' id='word_1_324' title='bbox 443 3283 571 3368; x_wconf 83' lang='grc' dir='ltr'><strong>εὑρημένη</strong></span> <span class='ocrx_word' id='word_1_325' title='bbox 585 3282 628 3345; x_wconf 72' lang='lat' dir='ltr'><strong>inl</strong></span> <span class='ocrx_word' id='word_1_326' title='bbox 643 3285 692 3359; x_wconf 72' lang='grc' dir='ltr'><strong>τὴν</strong></span> <span class='ocrx_word' id='word_1_327' title='bbox 706 3282 786 3344; x_wconf 85' lang='grc' dir='ltr'><strong>πόλιν</strong></span> <span class='ocrx_word' id='word_1_328' title='bbox 805 3281 881 3343; x_wconf 78' lang='grc' dir='ltr'><strong>ἐστίν</strong></span> <span class='ocrx_word' id='word_1_329' title='bbox 902 3301 975 3365; x_wconf 88' lang='lat' dir='ltr'><strong>quae</strong></span> <span class='ocrx_word' id='word_1_330' title='bbox 996 3275 1180 3364; x_wconf 79' lang='lat' dir='ltr'><strong>improbitas</strong></span> <span class='ocrx_word' id='word_1_331' title='bbox 1201 3286 1235 3340; x_wconf 84' lang='lat' dir='ltr'><strong>et</strong></span> 
     </span>
     <span class='ocr_line' id='line_1_35' title="bbox 134 3359 1277 3461; baseline -0.008 -29"><span class='ocrx_word' id='word_1_332' title='bbox 134 3365 314 3454; x_wconf 76' lang='lat' dir='ltr'><strong>malignitas</strong></span> <span class='ocrx_word' id='word_1_333' title='bbox 327 3365 422 3431; x_wconf 86' lang='lat' dir='ltr'><strong>animi</strong></span> <span class='ocrx_word' id='word_1_334' title='bbox 435 3367 612 3455; x_wconf 87' lang='lat' dir='ltr'><strong>opinionem</strong></span> <span class='ocrx_word' id='word_1_335' title='bbox 626 3367 807 3453; x_wconf 83' lang='lat' dir='ltr'><strong>famamque</strong></span> <span class='ocrx_word' id='word_1_336' title='bbox 821 3377 913 3431; x_wconf 81' lang='lat' dir='ltr'><strong>nacta</strong></span> <span class='ocrx_word' id='word_1_337' title='bbox 926 3364 966 3428; x_wconf 88' lang='lat' dir='ltr'><strong>sit</strong></span> <span class='ocrx_word' id='word_1_338' title='bbox 978 3361 1127 3461; x_wconf 79' lang='lat' dir='ltr'><strong>potentiae</strong></span> <span class='ocrx_word' id='word_1_339' title='bbox 1140 3360 1173 3424; x_wconf 92' lang='lat' dir='ltr'><strong>in</strong></span> <span class='ocrx_word' id='word_1_340' title='bbox 1188 3359 1236 3424; x_wconf 90' lang='lat' dir='ltr'><strong>di·</strong></span> <span class='ocrx_word' id='word_1_341' title='bbox 1274 3432 1277 3437; x_wconf 33' lang='grc'><strong>,</strong></span> 
     </span>
     <span class='ocr_line' id='line_1_36' title="bbox 134 3447 1235 3541; baseline -0.006 -24"><span class='ocrx_word' id='word_1_342' title='bbox 134 3453 247 3531; x_wconf 83' lang='lat' dir='ltr'><strong>cendo,</strong></span> <span class='ocrx_word' id='word_1_343' title='bbox 263 3467 306 3532; x_wconf 84' lang='lat' dir='ltr'><strong>et,</strong></span> <span class='ocrx_word' id='word_1_344' title='bbox 320 3476 393 3541; x_wconf 85' lang='lat' dir='ltr'><strong>quae</strong></span> <span class='ocrx_word' id='word_1_345' title='bbox 407 3453 587 3518; x_wconf 79' lang='lat' dir='ltr'><strong>facundiam</strong></span> <span class='ocrx_word' id='word_1_346' title='bbox 601 3453 750 3540; x_wconf 75' lang='lat' dir='ltr'><strong>consequi</strong></span> <span class='ocrx_word' id='word_1_347' title='bbox 765 3451 853 3532; x_wconf 81' lang='lat' dir='ltr'><strong>solet,</strong></span> <span class='ocrx_word' id='word_1_348' title='bbox 869 3462 1019 3538; x_wconf 83' lang='lat' dir='ltr'><strong>potenuoe</strong></span> <span class='ocrx_word' id='word_1_349' title='bbox 1039 3447 1072 3511; x_wconf 88' lang='lat' dir='ltr'><strong>in</strong></span> <span class='ocrx_word' id='word_1_350' title='bbox 1093 3470 1160 3534; x_wconf 86' lang='lat' dir='ltr'><strong>rep.</strong></span> <span class='ocrx_word' id='word_1_351' title='bbox 1174 3469 1235 3533; x_wconf 76' lang='lat' dir='ltr'><strong>gu-</strong></span> 
     </span>
     <span class='ocr_line' id='line_1_37' title="bbox 134 3533 1235 3625; baseline -0.007 -22"><span class='ocrx_word' id='word_1_352' title='bbox 134 3539 308 3617; x_wconf 76' lang='lat' dir='ltr'><strong>bemandn,</strong></span> <span class='ocrx_word' id='word_1_353' title='bbox 323 3563 359 3603; x_wconf 84' lang='lat' dir='ltr'><strong>ea</strong></span> <span class='ocrx_word' id='word_1_354' title='bbox 373 3538 466 3604; x_wconf 80' lang='lat' dir='ltr'><strong>noxia</strong></span> <span class='ocrx_word' id='word_1_355' title='bbox 480 3552 527 3604; x_wconf 81' lang='lat' dir='ltr'><strong>est</strong></span> <span class='ocrx_word' id='word_1_356' title='bbox 540 3539 659 3604; x_wconf 83' lang='lat' dir='ltr'><strong>civitati</strong></span> <span class='ocrx_word' id='word_1_357' title='bbox 672 3557 749 3625; x_wconf 88' lang='grc'><strong>450,</strong></span> <span class='ocrx_word' id='word_1_358' title='bbox 766 3558 816 3603; x_wconf 91' lang='grc'><strong>11.</strong></span> <span class='ocrx_word' id='word_1_359' title='bbox 861 3542 891 3602; x_wconf 82' lang='grc' dir='ltr'><strong>ού</strong></span> <span class='ocrx_word' id='word_1_360' title='bbox 905 3540 964 3623; x_wconf 77' lang='grc' dir='ltr'><strong>γάρ</strong></span> <span class='ocrx_word' id='word_1_361' title='bbox 978 3533 1046 3621; x_wconf 78' lang='grc' dir='ltr'><strong>ᾤετο</strong></span> <span class='ocrx_word' id='word_1_362' title='bbox 1061 3536 1113 3597; x_wconf 89' lang='grc' dir='ltr'><strong>δεῖν</strong></span> <span class='ocrx_word' id='word_1_363' title='bbox 1127 3537 1141 3595; x_wconf 88' lang='grc' dir='ltr'><strong>δ</strong></span> <span class='ocrx_word' id='word_1_364' title='bbox 1156 3533 1235 3606; x_wconf 83' lang='grc' dir='ltr'><strong>τιθείς</strong></span> 
     </span>
     <span class='ocr_line' id='line_1_38' title="bbox 134 3620 1231 3711; baseline -0.007 -23"><span class='ocrx_word' id='word_1_365' title='bbox 134 3625 182 3688; x_wconf 80' lang='grc' dir='ltr'><strong>τόν</strong></span> <span class='ocrx_word' id='word_1_366' title='bbox 196 3626 277 3707; x_wconf 86' lang='grc' dir='ltr'><strong>νόμον</strong></span> <span class='ocrx_word' id='word_1_367' title='bbox 291 3627 334 3689; x_wconf 83' lang='grc' dir='ltr'><strong>ίπδ</strong></span> <span class='ocrx_word' id='word_1_368' title='bbox 349 3631 383 3711; x_wconf 75' lang='grc' dir='ltr'><strong>τῇ</strong></span> <span class='ocrx_word' id='word_1_369' title='bbox 397 3635 451 3690; x_wconf 78' lang='grc' dir='ltr'><strong>τῶν</strong></span> <span class='ocrx_word' id='word_1_370' title='bbox 465 3627 603 3711; x_wconf 85' lang='grc' dir='ltr'><strong>λεγόντοιν</strong></span> <span class='ocrx_word' id='word_1_371' title='bbox 622 3627 732 3707; x_wconf 87' lang='grc' dir='ltr'><strong>δυνάμει</strong></span> <span class='ocrx_word' id='word_1_372' title='bbox 754 3628 787 3689; x_wconf 86' lang='grc' dir='ltr'><strong>τδ</strong></span> <span class='ocrx_word' id='word_1_373' title='bbox 808 3628 931 3708; x_wconf 79' lang='grc' dir='ltr'><strong>πρᾶγμα</strong></span> <span class='ocrx_word' id='word_1_374' title='bbox 953 3626 1132 3696; x_wconf 78' lang='grc' dir='ltr'><strong>καταστῆσαι</strong></span> <span class='ocrx_word' id='word_1_375' title='bbox 1154 3620 1231 3704; x_wconf 88' lang='grc'><strong>596,</strong></span> 
     </span>
     <span class='ocr_line' id='line_1_39' title="bbox 136 3702 1235 3799; baseline -0.013 -20"><span class='ocrx_word' id='word_1_376' title='bbox 136 3730 188 3779; x_wconf 87' lang='grc'><strong>21.</strong></span> <span class='ocrx_word' id='word_1_377' title='bbox 226 3725 335 3776; x_wconf 82' lang='lat' dir='ltr'><strong>contra</strong></span> <span class='ocrx_word' id='word_1_378' title='bbox 348 3712 478 3788; x_wconf 84' lang='grc' dir='ltr'><strong>ἀδύνατος</strong></span> <span class='ocrx_word' id='word_1_379' title='bbox 492 3725 540 3776; x_wconf 80' lang='lat' dir='ltr'><strong>est</strong></span> <span class='ocrx_word' id='word_1_380' title='bbox 552 3711 753 3777; x_wconf 82' lang='lat' dir='ltr'><strong>infacundus.</strong></span> <span class='ocrx_word' id='word_1_381' title='bbox 791 3725 827 3776; x_wconf 89' lang='lat' dir='ltr'><strong>ut</strong></span> <span class='ocrx_word' id='word_1_382' title='bbox 840 3710 873 3774; x_wconf 93' lang='lat' dir='ltr'><strong>in</strong></span> <span class='ocrx_word' id='word_1_383' title='bbox 893 3708 948 3774; x_wconf 85' lang='lat' dir='ltr'><strong>illo</strong></span> <span class='ocrx_word' id='word_1_384' title='bbox 969 3712 1017 3786; x_wconf 75' lang='grc' dir='ltr'><strong>τὴν</strong></span> <span class='ocrx_word' id='word_1_385' title='bbox 1036 3707 1088 3799; x_wconf 60' lang='grc' dir='ltr'><strong>μὲν</strong></span> <span class='ocrx_word' id='word_1_386' title='bbox 1109 3702 1235 3790; x_wconf 82' lang='grc' dir='ltr'><strong>ἀπειρίαν</strong></span> 
     </span>
     <span class='ocr_line' id='line_1_40' title="bbox 133 3790 1235 3885; baseline -0.006 -24"><span class='ocrx_word' id='word_1_387' title='bbox 133 3803 185 3861; x_wconf 82' lang='grc' dir='ltr'><strong>τοῦ</strong></span> <span class='ocrx_word' id='word_1_388' title='bbox 199 3800 305 3882; x_wconf 82' lang='grc' dir='ltr'><strong>λέγειν,</strong></span> <span class='ocrx_word' id='word_1_389' title='bbox 320 3802 368 3862; x_wconf 89' lang='grc' dir='ltr'><strong>καί</strong></span> <span class='ocrx_word' id='word_1_390' title='bbox 389 3801 424 3873; x_wconf 83' lang='grc' dir='ltr'><strong>οδς</strong></span> <span class='ocrx_word' id='word_1_391' title='bbox 444 3798 583 3873; x_wconf 77' lang='grc' dir='ltr'><strong>ἀδυνάτως</strong></span> <span class='ocrx_word' id='word_1_392' title='bbox 598 3797 659 3885; x_wconf 65' lang='grc' dir='ltr'><strong>ἔχει</strong></span> <span class='ocrx_word' id='word_1_393' title='bbox 673 3796 804 3881; x_wconf 75' lang='grc' dir='ltr'><strong>Φορμίων</strong></span> <span class='ocrx_word' id='word_1_394' title='bbox 818 3815 895 3882; x_wconf 86' lang='grc'><strong>944,</strong></span> <span class='ocrx_word' id='word_1_395' title='bbox 914 3816 940 3859; x_wconf 92' lang='grc'><strong>1.</strong></span> <span class='ocrx_word' id='word_1_396' title='bbox 983 3790 1174 3878; x_wconf 68' lang='grc' dir='ltr'><strong>περιγενέσθαι</strong></span> <span class='ocrx_word' id='word_1_397' title='bbox 1187 3794 1235 3867; x_wconf 74' lang='grc' dir='ltr'><strong>τῆς</strong></span> 
     </span>
     <span class='ocr_line' id='line_1_41' title="bbox 134 3883 1235 3971; baseline -0.004 -25"><span class='ocrx_word' id='word_1_398' title='bbox 134 3892 191 3948; x_wconf 79' lang='grc' dir='ltr'><strong>τῶν</strong></span> <span class='ocrx_word' id='word_1_399' title='bbox 205 3883 382 3948; x_wconf 75' lang='grc' dir='ltr'><strong>ἐπαινούντων</strong></span> <span class='ocrx_word' id='word_1_400' title='bbox 395 3883 531 3966; x_wconf 88' lang='grc' dir='ltr'><strong>δυνάμεως</strong></span> <span class='ocrx_word' id='word_1_401' title='bbox 545 3890 579 3971; x_wconf 71' lang='grc' dir='ltr'><strong>τῇ</strong></span> <span class='ocrx_word' id='word_1_402' title='bbox 592 3890 641 3960; x_wconf 80' lang='grc' dir='ltr'><strong>τῆς</strong></span> <span class='ocrx_word' id='word_1_403' title='bbox 655 3883 785 3961; x_wconf 79' lang='grc' dir='ltr'><strong>ἀληθείας</strong></span> <span class='ocrx_word' id='word_1_404' title='bbox 796 3885 933 3968; x_wconf 73' lang='grc' dir='ltr'><strong>ὑπερβολῇ</strong></span> <span class='ocrx_word' id='word_1_405' title='bbox 947 3892 1235 3963; x_wconf 58' lang='grc' dir='ltr'><strong>140315211μο-</strong></span> 
     </span>
     <span class='ocr_line' id='line_1_42' title="bbox 133 3966 1232 4058; baseline -0.006 -26"><span class='ocrx_word' id='word_1_406' title='bbox 133 3973 190 4052; x_wconf 83' lang='grc' dir='ltr'><strong>ρεῖν</strong></span> <span class='ocrx_word' id='word_1_407' title='bbox 205 3971 254 4033; x_wconf 82' lang='grc' dir='ltr'><strong>καί</strong></span> <span class='ocrx_word' id='word_1_408' title='bbox 269 3971 328 4034; x_wconf 90' lang='grc' dir='ltr'><strong>ποδί</strong></span> <span class='ocrx_word' id='word_1_409' title='bbox 342 3972 391 4033; x_wconf 82' lang='grc' dir='ltr'><strong>καί</strong></span> <span class='ocrx_word' id='word_1_410' title='bbox 405 3973 483 4058; x_wconf 76' lang='grc' dir='ltr'><strong>χειρί</strong></span> <span class='ocrx_word' id='word_1_411' title='bbox 499 3972 546 4034; x_wconf 85' lang='grc' dir='ltr'><strong>καί</strong></span> <span class='ocrx_word' id='word_1_412' title='bbox 563 3976 633 4057; x_wconf 75' lang='grc' dir='ltr'><strong>φωνῇ</strong></span> <span class='ocrx_word' id='word_1_413' title='bbox 647 3971 696 4036; x_wconf 86' lang='grc' dir='ltr'><strong>καί</strong></span> <span class='ocrx_word' id='word_1_414' title='bbox 710 3970 788 4057; x_wconf 80' lang='grc' dir='ltr'><strong>πάση</strong></span> <span class='ocrx_word' id='word_1_415' title='bbox 802 3969 913 4050; x_wconf 83' lang='grc' dir='ltr'><strong>δυνάμει</strong></span> <span class='ocrx_word' id='word_1_416' title='bbox 928 3967 980 4031; x_wconf 82' lang='lat' dir='ltr'><strong>AE.</strong></span> <span class='ocrx_word' id='word_1_417' title='bbox 995 3985 1052 4050; x_wconf 88' lang='grc'><strong>43,</strong></span> <span class='ocrx_word' id='word_1_418' title='bbox 1070 3979 1121 4047; x_wconf 87' lang='grc'><strong>17.</strong></span> <span class='ocrx_word' id='word_1_419' title='bbox 1162 3966 1232 4026; x_wconf 68' lang='lat' dir='ltr'><strong>ixa·</strong></span> 
     </span>
    </p>
   </div>
   <div class='ocr_carea' id='block_1_3' title="bbox 135 4047 1235 4141">
    <p class='ocr_par' dir='ltr' id='par_1_7' title="bbox 135 4047 1235 4141">
     <span class='ocr_line' id='line_1_43' title="bbox 135 4047 1235 4141; baseline -0.006 -23"><span class='ocrx_word' id='word_1_420' title='bbox 135 4060 214 4119; x_wconf 85' lang='grc' dir='ltr'><strong>σκεῖν</strong></span> <span class='ocrx_word' id='word_1_421' title='bbox 229 4055 341 4137; x_wconf 87' lang='grc' dir='ltr'><strong>δύναμιν</strong></span> <span class='ocrx_word' id='word_1_422' title='bbox 358 4056 502 4141; x_wconf 75' lang='grc' dir='ltr'><strong>ἀνθρώπων</strong></span> <span class='ocrx_word' id='word_1_423' title='bbox 523 4056 649 4121; x_wconf 88' lang='grc' dir='ltr'><strong>ἀπίστων</strong></span> <span class='ocrx_word' id='word_1_424' title='bbox 669 4059 789 4139; x_wconf 86' lang='grc'><strong>46,10.</strong></span> <span class='ocrx_word' id='word_1_425' title='bbox 833 4051 1135 4139; x_wconf 84' lang='grc' dir='ltr'><strong>προσμεταπέμπεσθαι</strong></span> <span class='ocrx_word' id='word_1_426' title='bbox 1156 4047 1235 4112; x_wconf 81' lang='grc' dir='ltr'><strong>δύνα·</strong></span> 
     </span>
    </p>
   </div>
   <div class='ocr_carea' id='block_1_4' title="bbox 133 4137 1349 4227">
    <p class='ocr_par' dir='ltr' id='par_1_8' title="bbox 133 4137 1349 4227">
     <span class='ocr_line' id='line_1_44' title="bbox 133 4137 1349 4227; baseline -0.008 -21"><span class='ocrx_word' id='word_1_427' title='bbox 133 4167 184 4221; x_wconf 85' lang='grc' dir='ltr'><strong>μιν</strong></span> <span class='ocrx_word' id='word_1_428' title='bbox 205 4143 260 4220; x_wconf 92' lang='grc'><strong>66,</strong></span> <span class='ocrx_word' id='word_1_429' title='bbox 286 4161 337 4207; x_wconf 95' lang='grc'><strong>10.</strong></span> <span class='ocrx_word' id='word_1_430' title='bbox 381 4144 578 4227; x_wconf 74' lang='grc' dir='ltr'><strong>ἀπιστράτευον</strong></span> <span class='ocrx_word' id='word_1_431' title='bbox 599 4144 640 4205; x_wconf 72' lang='grc' dir='ltr'><strong>ἀπ’</strong></span> <span class='ocrx_word' id='word_1_432' title='bbox 663 4143 747 4207; x_wconf 83' lang='grc' dir='ltr'><strong>αότδν</strong></span> <span class='ocrx_word' id='word_1_433' title='bbox 767 4147 935 4218; x_wconf 83' lang='grc' dir='ltr'><strong>τηλικαῦται</strong></span> <span class='ocrx_word' id='word_1_434' title='bbox 956 4140 1082 4220; x_wconf 87' lang='grc' dir='ltr'><strong>δυνάμεις</strong></span> <span class='ocrx_word' id='word_1_435' title='bbox 1104 4137 1158 4213; x_wconf 91' lang='grc'><strong>66,</strong></span> <span class='ocrx_word' id='word_1_436' title='bbox 1179 4150 1232 4219; x_wconf 85' lang='grc'><strong>37.</strong></span> <span class='ocrx_word' id='word_1_437' title='bbox 1348 4180 1349 4185; x_wconf 37' lang='lat'>1</span> 
     </span>
    </p>
   </div>
   <div class='ocr_carea' id='block_1_5' title="bbox 133 4221 1238 4723">
    <p class='ocr_par' dir='ltr' id='par_1_9' title="bbox 134 4221 1235 4314">
     <span class='ocr_line' id='line_1_45' title="bbox 134 4221 1235 4314; baseline -0.007 -23"><span class='ocrx_word' id='word_1_438' title='bbox 134 4228 316 4313; x_wconf 83' lang='grc' dir='ltr'><strong>συναθροίζειν</strong></span> <span class='ocrx_word' id='word_1_439' title='bbox 331 4228 442 4313; x_wconf 89' lang='grc' dir='ltr'><strong>δύναμιν</strong></span> <span class='ocrx_word' id='word_1_440' title='bbox 457 4233 549 4307; x_wconf 76' lang='grc' dir='ltr'><strong>ίκανην</strong></span> <span class='ocrx_word' id='word_1_441' title='bbox 564 4232 618 4314; x_wconf 92' lang='grc'><strong>69,</strong></span> <span class='ocrx_word' id='word_1_442' title='bbox 633 4231 667 4293; x_wconf 89' lang='grc'><strong>6.</strong></span> <span class='ocrx_word' id='word_1_443' title='bbox 710 4229 814 4306; x_wconf 86' lang='grc' dir='ltr'><strong>βοηθεῖν</strong></span> <span class='ocrx_word' id='word_1_444' title='bbox 826 4232 867 4311; x_wconf 73' lang='grc' dir='ltr'><strong>τῷ</strong></span> <span class='ocrx_word' id='word_1_445' title='bbox 882 4228 931 4312; x_wconf 75' lang='grc' dir='ltr'><strong>θεῷ</strong></span> <span class='ocrx_word' id='word_1_446' title='bbox 947 4221 1121 4312; x_wconf 84' lang='lat' dir='ltr'><strong>(Apollini)</strong></span> <span class='ocrx_word' id='word_1_447' title='bbox 1137 4222 1185 4286; x_wconf 82' lang='grc' dir='ltr'><strong>καί</strong></span> <span class='ocrx_word' id='word_1_448' title='bbox 1200 4224 1235 4305; x_wconf 75' lang='grc' dir='ltr'><strong>τῇ</strong></span> 
     </span>
    </p>

    <p class='ocr_par' dir='ltr' id='par_1_10' title="bbox 134 4304 1233 4401">
     <span class='ocr_line' id='line_1_46' title="bbox 134 4304 1233 4401; baseline -0.008 -22"><span class='ocrx_word' id='word_1_449' title='bbox 134 4318 174 4397; x_wconf 78' lang='grc' dir='ltr'><strong>γῇ</strong></span> <span class='ocrx_word' id='word_1_450' title='bbox 188 4318 223 4400; x_wconf 73' lang='grc' dir='ltr'><strong>τῇ</strong></span> <span class='ocrx_word' id='word_1_451' title='bbox 240 4319 299 4399; x_wconf 83' lang='grc' dir='ltr'><strong>ίερᾴ</strong></span> <span class='ocrx_word' id='word_1_452' title='bbox 312 4315 361 4378; x_wconf 85' lang='grc' dir='ltr'><strong>καί</strong></span> <span class='ocrx_word' id='word_1_453' title='bbox 373 4315 450 4401; x_wconf 88' lang='grc' dir='ltr'><strong>χειρί</strong></span> <span class='ocrx_word' id='word_1_454' title='bbox 465 4317 514 4378; x_wconf 82' lang='grc' dir='ltr'><strong>καί</strong></span> <span class='ocrx_word' id='word_1_455' title='bbox 528 4316 588 4380; x_wconf 90' lang='grc' dir='ltr'><strong>ποδί</strong></span> <span class='ocrx_word' id='word_1_456' title='bbox 604 4317 652 4378; x_wconf 88' lang='grc' dir='ltr'><strong>καί</strong></span> <span class='ocrx_word' id='word_1_457' title='bbox 667 4318 738 4399; x_wconf 83' lang='grc' dir='ltr'><strong>φανη</strong></span> <span class='ocrx_word' id='word_1_458' title='bbox 755 4314 802 4376; x_wconf 89' lang='grc' dir='ltr'><strong>καί</strong></span> <span class='ocrx_word' id='word_1_459' title='bbox 817 4318 895 4399; x_wconf 81' lang='grc' dir='ltr'><strong>πάση</strong></span> <span class='ocrx_word' id='word_1_460' title='bbox 910 4310 1020 4393; x_wconf 84' lang='grc' dir='ltr'><strong>δυνάμει</strong></span> <span class='ocrx_word' id='word_1_461' title='bbox 1031 4313 1086 4392; x_wconf 91' lang='grc'><strong>69,</strong></span> <span class='ocrx_word' id='word_1_462' title='bbox 1099 4329 1131 4394; x_wconf 93' lang='grc'><strong>9.</strong></span> <span class='ocrx_word' id='word_1_463' title='bbox 1156 4304 1233 4391; x_wconf 81' lang='grc' dir='ltr'><strong>πάση</strong></span> 
     </span>
    </p>

    <p class='ocr_par' dir='ltr' id='par_1_11' title="bbox 133 4394 1233 4486">
     <span class='ocr_line' id='line_1_47' title="bbox 133 4394 1233 4486; baseline -0.008 -24"><span class='ocrx_word' id='word_1_464' title='bbox 133 4404 168 4486; x_wconf 72' lang='grc' dir='ltr'><strong>τῇ</strong></span> <span class='ocrx_word' id='word_1_465' title='bbox 183 4400 295 4484; x_wconf 86' lang='grc' dir='ltr'><strong>δυνάμει</strong></span> <span class='ocrx_word' id='word_1_466' title='bbox 311 4405 324 4462; x_wconf 88' lang='grc' dir='ltr'><strong>θ</strong></span> <span class='ocrx_word' id='word_1_467' title='bbox 340 4405 456 4486; x_wconf 86' lang='grc' dir='ltr'><strong>Δαρεῖος</strong></span> <span class='ocrx_word' id='word_1_468' title='bbox 470 4404 653 4483; x_wconf 70' lang='grc' dir='ltr'><strong>κατεβεβήκει</strong></span> <span class='ocrx_word' id='word_1_469' title='bbox 667 4416 720 4484; x_wconf 89' lang='lat'><strong>77,</strong></span> <span class='ocrx_word' id='word_1_470' title='bbox 731 4400 880 4464; x_wconf 71' lang='grc' dir='ltr'><strong>8.;ούδῖν</strong></span> <span class='ocrx_word' id='word_1_471' title='bbox 890 4396 1069 4469; x_wconf 82' lang='grc' dir='ltr'><strong>ἀπολιπόντες</strong></span> <span class='ocrx_word' id='word_1_472' title='bbox 1080 4399 1128 4470; x_wconf 71' lang='grc' dir='ltr'><strong>τῆς</strong></span> <span class='ocrx_word' id='word_1_473' title='bbox 1141 4394 1233 4455; x_wconf 77' lang='grc' dir='ltr'><strong>αὐτῶν</strong></span> 
     </span>
    </p>

    <p class='ocr_par' dir='ltr' id='par_1_12' title="bbox 134 4480 1234 4572">
     <span class='ocr_line' id='line_1_48' title="bbox 134 4480 1234 4572; baseline -0.009 -20"><span class='ocrx_word' id='word_1_474' title='bbox 134 4485 272 4569; x_wconf 79' lang='grc' dir='ltr'><strong>δυνάμεως</strong></span> <span class='ocrx_word' id='word_1_475' title='bbox 287 4487 317 4552; x_wconf 88' lang='grc' dir='ltr'><strong>Ι.</strong></span> <span class='ocrx_word' id='word_1_476' title='bbox 332 4486 388 4572; x_wconf 89' lang='grc'><strong>36,</strong></span> <span class='ocrx_word' id='word_1_477' title='bbox 404 4505 436 4553; x_wconf 92' lang='grc'><strong>2.</strong></span> <span class='ocrx_word' id='word_1_478' title='bbox 474 4488 534 4551; x_wconf 83' lang='grc' dir='ltr'><strong>καθ’</strong></span> <span class='ocrx_word' id='word_1_479' title='bbox 548 4485 611 4552; x_wconf 77' lang='grc' dir='ltr'><strong>ὅσον</strong></span> <span class='ocrx_word' id='word_1_480' title='bbox 631 4491 706 4567; x_wconf 80' lang='grc' dir='ltr'><strong>ὑμῶν</strong></span> <span class='ocrx_word' id='word_1_481' title='bbox 727 4484 847 4559; x_wconf 73' lang='grc' dir='ltr'><strong>ἕκαστος</strong></span> <span class='ocrx_word' id='word_1_482' title='bbox 867 4482 1006 4568; x_wconf 86' lang='grc' dir='ltr'><strong>τυγχάνει</strong></span> <span class='ocrx_word' id='word_1_483' title='bbox 1028 4480 1165 4560; x_wconf 81' lang='grc' dir='ltr'><strong>δυνάμεως</strong></span> <span class='ocrx_word' id='word_1_484' title='bbox 1179 4494 1234 4560; x_wconf 87' lang='grc'><strong>74,</strong></span> 
     </span>
    </p>

    <p class='ocr_par' dir='ltr' id='par_1_13' title="bbox 139 4558 1238 4723">
     <span class='ocr_line' id='line_1_49' title="bbox 139 4558 1238 4658; baseline -0.01 -23"><span class='ocrx_word' id='word_1_485' title='bbox 139 4590 190 4658; x_wconf 88' lang='grc'><strong>13.</strong></span> <span class='ocrx_word' id='word_1_486' title='bbox 232 4576 311 4639; x_wconf 74' lang='grc' dir='ltr'><strong>κατὰ</strong></span> <span class='ocrx_word' id='word_1_487' title='bbox 325 4572 437 4656; x_wconf 88' lang='grc' dir='ltr'><strong>δύναμιν</strong></span> <span class='ocrx_word' id='word_1_488' title='bbox 450 4571 518 4637; x_wconf 91' lang='grc' dir='ltr'><strong>είναι</strong></span> <span class='ocrx_word' id='word_1_489' title='bbox 533 4571 603 4658; x_wconf 85' lang='grc'><strong>[24,</strong></span> <span class='ocrx_word' id='word_1_490' title='bbox 614 4572 779 4656; x_wconf 70' lang='grc' dir='ltr'><strong>40.];πῆς</strong></span> <span class='ocrx_word' id='word_1_491' title='bbox 792 4569 889 4658; x_wconf 88' lang='grc' dir='ltr'><strong>τούτου</strong></span> <span class='ocrx_word' id='word_1_492' title='bbox 907 4567 1043 4650; x_wconf 85' lang='grc' dir='ltr'><strong>δυνάμεως</strong></span> <span class='ocrx_word' id='word_1_493' title='bbox 1058 4563 1181 4650; x_wconf 78' lang='grc' dir='ltr'><strong>ύμπειρος</strong></span> <span class='ocrx_word' id='word_1_494' title='bbox 1200 4558 1238 4625; x_wconf 86' lang='grc' dir='ltr'><strong>οδν</strong></span> 
     </span>
     <span class='ocr_line' id='line_1_50' title="bbox 660 4676 711 4723; baseline 0.039 -2"><span class='ocrx_word' id='word_1_495' title='bbox 660 4681 675 4721; x_wconf 78' lang='grc'><strong>8</strong></span> <span class='ocrx_word' id='word_1_496' title='bbox 692 4676 711 4723; x_wconf 76' lang='lat'>2</span> 
     </span>
    </p>
   </div>
   <div class='ocr_carea' id='block_1_6' title="bbox 0 0 1496 5000">
    <p class='ocr_par' dir='ltr' id='par_1_14' title="bbox 0 0 1496 5000">
     <span class='ocr_line' id='line_1_51' title="bbox 0 0 1496 5000; baseline 0 2"><span class='ocrx_word' id='word_1_497' title='bbox 0 0 1496 5000; x_wconf 95' lang='lat' dir='ltr'><strong> </strong></span> 
     </span>
    </p>
   </div>
  </div>
 </body>
</html>
