2984 5000
266 289 308 374 98
739 282 892 348 INDEX

268 455 415 519 futurum
428 468 507 534 erat,
522 467 559 520 ut
574 453 749 521 substantia
757 451 945 542 Apollodori
956 449 1213 539 proscriberetur,
1224 446 1368 515 flaocad-

265 540 419 629 judioats,
434 541 569 608 sectione
582 540 786 607 distrahenda
799 557 893 627 1347,
907 558 957 606 10.
987 538 1025 625 d)
1038 537 1239 618 denunciare,
1255 555 1369 600 nomen

268 626 413 715 alicujus,
429 641 466 694 ut
479 628 535 708 rei,
550 627 673 692 deferre
692 627 780 716 apud
801 648 832 690 m
876 626 882 640 '
902 638 1031 704 tratum,
1046 622 1198 689 incusare.
1242 625 1372 709 ἀπογρα·

270 714 344 795 piro
365 716 411 777 πόν
431 719 471 800 μῆ
492 722 622 779 ποιοῦντα
641 719 722 778 τοῦτο
744 719 759 777 ὁ
781 715 853 790 dou).
867 737 945 796 μινος
958 713 1031 796 πρὸς
1052 713 1099 775 τὸν
1120 709 1248 797 ἄρχοντα
1274 708 1369 787 1068,

274 808 403 864 11.=to
424 823 519 866 curtae
543 810 575 866 to
597 801 819 887 dejudicially
843 798 1027 887 registcred.
1071 797 1105 861 in
1126 796 1228 861 activo
1248 808 1281 860 et
1301 816 1371 858 me·

271 884 334 950 dio.
379 887 551 973 praesertim
571 886 612 951 de
632 885 723 951 bonis
743 885 843 951 censis
861 884 911 949 vel
932 882 1104 964 censendis,
1118 882 1174 948 sed
1195 894 1227 948 et
1247 881 1290 947 de
1310 880 1372 946 cri·

273 970 423 1039 minibus.
460 973 654 1061 ἀπογράφουσι
669 971 710 1036 vd
727 975 807 1036 ruiis
826 974 893 1057 πρὸς
913 973 960 1036 τὸν
981 970 1120 1057 ἀρχονσα.
1156 969 1304 1034 deferunt
1318 990 1373 1032 10·

272 1080 343 1123 rum
365 1059 492 1124 nomina
513 1059 553 1123 ad
575 1058 768 1137 orchomeni,
782 1080 882 1144 eaque
901 1070 1012 1122 curant
1025 1054 1067 1121 ab
1080 1057 1149 1144 ejus
1163 1053 1319 1121 tabulario
1339 1054 1372 1120 in

272 1143 409 1209 codicem
435 1145 598 1233 publicum
622 1144 760 1223 inscribi,
783 1158 821 1209 ut
842 1143 1034 1232 pupillorum
1059 1143 1087 1206 1.
1107 1162 1163 1227 59,
1177 1163 1229 1224 40.
1249 1143 1303 1219 60,
1319 1162 1372 1291 ξφ

273 1231 463 1317 ἀπεγράψατο
477 1230 588 1314 τίμημα
601 1230 707 1319 μικρόν.
752 1252 880 1295 censum
894 1229 1045 1318 exiguum
1060 1228 1173 1294 edebat
1188 1230 1242 1311 67,
1253 1248 1307 1314 23·
1343 1247 1374 1312 7,

275 1332 325 1400 25.
362 1319 534 1402 ἀπογραφὰς
550 1322 585 1392 εἰς
599 1321 648 1394 τῆν
666 1320 770 1397 βουλὴν
792 1325 957 1402 κακουργῶν
978 1335 1033 1400 49,
1050 1329 1103 1401 25.
1118 1314 1372 1380 delatus.=rirro·

273 1401 429 1488 γράφισθοιι
445 1402 521 1468 dare
535 1424 648 1468 nomen
663 1425 757 1467 suum
774 1402 883 1467 scriboe
902 1401 1031 1490 publico
1050 1400 1183 1489 publicis
1203 1400 1235 1464 in
1258 1398 1375 1465 tabulis

274 1488 479 1569 exarandum,
496 1489 582 1554 velut
595 1490 675 1577 ejus,
689 1489 746 1577 qui
766 1488 863 1553 alium
884 1487 1042 1553 homicidii
1064 1510 1154 1553 reum
1175 1502 1260 1575 agat,
1273 1509 1375 1573 eoque

274 1574 400 1639 nomine
414 1574 448 1639 in
458 1575 615 1663 judicium
630 1576 704 1640 citet
718 1578 762 1641 A.
780 1590 851 1661 145,
869 1593 919 1659 29.
935 1595 989 1661 31.
1004 1589 1056 1661 37.
1073 1594 1125 1657 41.
1163 1573 1374 1661 ἀπογράφεσθαι

274 1663 323 1739 τῆν
345 1660 420 1739 δίκην
445 1662 585 1748 146,13.
607 1678 655 1746 15.
678 1682 729 1747 19.
755 1678 805 1747 27.
827 1662 880 1726 18.
902 1680 954 1746 31.
977 1673 1009 1725 et
1030 1659 1104 1725 alibi
1127 1660 1241 1748 soepius
1261 1659 1296 1722 in
1317 1657 1376 1723 ista

275 1758 415 1811 extrema
428 1747 795 1833 oratione.=clrcyp60cu
815 1752 878 1811 rival
900 1746 1016 1811 dicitur
1032 1745 1139 1826 index,
1155 1745 1211 1835 qui
1230 1768 1284 1810 seu
1304 1767 1375 1809 ver·

277 1831 325 1897 bis
346 1855 402 1897 seu
420 1834 478 1898 sui
501 1848 546 1915 to,
570 1855 683 1899 nomen
706 1833 850 1922 alicujus,
873 1846 911 1898 ut
933 1832 978 1898 rei
998 1831 1145 1911 criminis,
1165 1831 1251 1919 apud
1349 1829 1376 1882 '-

276 1932 409 2017 atratum
431 1856 534 1985 deliirt
555 1922 620 1985 Au.
646 1940 677 2000 2,
698 1924 754 2003 46.
776 1942 809 2007 3,
835 1940 885 2002 14.
908 1937 928 1985 1
953 1918 1217 2005 ,εάπνγράφνσθαι
1239 1853 1379 2006 inniirili·

275 2026 325 2070 cio
338 2005 476 2071 accusari
491 2007 532 2071 L.
551 2005 692 2093 108,15.
728 2006 901 2091 ἀπογράφειν
921 1934 1121 2085 denunciare,
1143 2003 1265 2069 deferre
1287 2026 1378 2068 reum

280 2111 354 2171 111,
378 2110 409 2159 1.
453 2093 647 2178 ἀπνγράφοντο
672 2095 710 2155 rol
736 2092 891 2178 ἀνδράποδα
915 2091 1068 2155 curabant
1088 2113 1108 2155 a
1128 2091 1229 2156 scriba
1249 2090 1379 2178 publico

277 2177 405 2243 nomina
418 2178 656 2266 mancipiorum,
668 2190 787 2255 aetates,
798 2177 925 2264 patrias,
940 2191 1034 2258 artes,
1049 2176 1169 2258 laudes,
1183 2176 1271 2256 vitia,
1282 2199 1380 2242 anno-

278 2263 349 2342 tari,
365 2278 402 2328 ut
414 2264 490 2329 fisco
503 2263 701 2329 addictorum
719 2283 791 2344 110,
804 2283 857 2346 44.
880 2263 1037 2351 ἀπογράφιι
1052 2263 1176 2345 ὀνόματα
1189 2262 1255 2328 edit
1268 2262 1380 2328 scribae

278 2349 407 2438 publico
420 2350 547 2415 nomina
559 2350 593 2415 in
607 2350 730 2415 tabulas
742 2349 907 2415 referenda
927 2351 1068 2436 151,16.
1113 2349 1285 2437 ἀπογράφνιν
1306 2372 1381 2415 con·

279 2437 371 2502 ficere
384 2436 518 2503 indicem
532 2458 638 2503 reruni
653 2436 685 2501 in
705 2435 838 2525 alicujus
859 2435 1033 2502 substantia
1054 2449 1249 2525 repertarum
1266 2434 1381 2523 (vulgo

278 2523 488 2589 inventarium
515 2527 684 2611 usurpant)
707 2547 781 2611 quoe
806 2523 980 2589 substantia
1003 2524 1078 2588 fisco
1099 2536 1180 2588 esset
1199 2521 1382 2610 adjudicata

284 2612 357 2692 148,
374 2629 423 2697 15.
469 2609 676 2698 ἀναγραφέντος
694 2632 767 2675 curn
780 2609 864 2675 bona
878 2611 947 2699 ejus
961 2608 1135 2697 proscripta
1148 2607 1281 2674 fuissent
1305 2610 1381 2695 156,

281 2713 334 2764 22·
378 2696 542 2782 δικαιάπιρον
556 2694 590 2759 ἀν
604 2701 675 2777 ὑμᾶς
696 2699 890 2782 ἀπογραφῆναι
912 2698 962 2761 tul
984 2703 1038 2761 τῶν
1060 2700 1180 2777 ζητητῶν
1200 2699 1240 2758 rol
1260 2693 1383 2781 ῆμάπνρα

280 2781 356 2867 ἀχιιν
368 2784 407 2846 16
431 2785 482 2860 ,6.
512 2790 567 2846 τάν
580 2781 760 2846 Ἐλνυσίναδι
774 2781 1022 2868 ἀπογραψαμένων
1036 2804 1156 2861 corum,
1194 2781 1227 2845 ui
1241 2804 1315 2846 cum
1327 2803 1381 2845 no

281 2888 352 2932 meu
401 2867 487 2932 'itioe
508 2866 667 2933 dedissent
684 2867 835 2954 adsersus
855 2868 1048 2947 Eleusinem,
1063 2868 1097 2932 h.
1109 2891 1138 2932 e.
1155 2805 1306 2932 adnuens
1327 2866 1384 2932 tri-

280 2952 370 3042 ginta
392 2967 541 3042 tyrannos
562 2953 607 3019 ibi
628 2954 801 3035 conclusos,
817 2953 1033 3042 suscipiendae,
1051 2976 1153 3041 eoque
1166 2953 1327 3018 vobiscum
1350 2953 1384 3017 in

280 3056 382 3104 castra
395 3040 538 3118 exissent,
557 3053 660 3105 tamen
682 3040 725 3105 ad
746 3057 852 3129 partes
866 3054 1071 3129 tyrannorum
1086 3039 1337 3128 transfugerunt,
1352 3053 1386 3104 et

281 3149 354 3191 cum
369 3125 408 3190 iis
420 3126 688 3214 oppugnationem
701 3126 734 3191 in
751 3151 772 3192 0
789 3126 870 3226 pido
889 3127 1040 3192 Eleusine
1062 3126 1235 3192 tolerarunt
1260 3142 1335 3207 172,
1355 3144 1385 3189 1.

282 3215 321 3276 τὸ
332 3212 473 3299 χρῆμαπιι
486 3211 655 3298 ἀπογράψαι
673 3212 718 3295 (in
732 3212 765 3278 in
799 3237 850 3279 ces
869 3230 901 3279 et
924 3213 1046 3278 tabulas
1067 3213 1196 3292 referre)
1214 3216 1252 3275 πά
1274 3216 1306 3274 br
1329 3218 1387 3276 πόν

282 3297 389 3407 πόλσων
410 3296 562 3447 ιῐλῆρμίρρα
589 3312 660 3383 179,
675 3317 730 3380 42.
767 3301 833 3385 πρὸς
855 3300 917 3375 τοὺς
937 3298 1076 3384 lampius
1098 3306 1147 3363 τοῦ
1168 3297 1249 3384 φόρου
1271 3294 1388 3361 ἅπαντα
1449 3315 1454 3324 ’

285 3410 326 3446 Μ
379 3411 398 3447 α
484 3409 504 3447 α
550 3430 558 3447 a
597 3432 604 3446 ·

220 3497 250 3520 *—
326 3383 476 3567 imici
489 3403 792 3569 indaiqnicunque,
808 3470 979 3569 praesertim
1020 3473 1053 3555 a)
1070 3468 1259 3567 tabulariutn
1280 3468 1389 3556 publi-

284 3557 1023 3730 milltd‚l.i⁰lt‘n.il.lttftllffi
1036 3569 1074 3706 ἰὶ
1089 3567 1390 3729 {imam

282 3749 357 3814 quse
373 3728 508 3815 quisque
522 3728 685 3838 vectigalia
699 3728 906 3817 persolvisset,
921 3728 1129 3817 perscriptum
1143 3740 1219 3793 erat
1257 3733 1342 3791 τοῦτο
1356 3730 1389 3790 la

285 3818 333 3889 τῆς
346 3817 425 3899 παρὰ
439 3817 496 3887 τοῖς
509 3819 690 3896 σιποφολαξιν
704 3818 867 3898 ἀπογραφῆς
882 3813 916 3878 ἀν
934 3814 986 3878 ἴδοι
1008 3840 1048 3890 τις
1071 3817 1148 3898 467,
1163 3831 1196 3898 5.
1240 3813 1316 3892 λάβο
1340 3815 1390 3888 τῆν

285 3900 548 3985 πινσηιιοσσολόγοιν
560 3903 724 3988 ἀπογραφὴν
733 3900 867 3966 indioem
880 3901 1041 3979 mercium,
1050 3900 1091 3966 de
1101 3900 1219 3987 quibus
1229 3898 1296 3963 sive
1310 3896 1390 3964 sub·

285 3984 434 4050 euntibus
455 4000 594 4072 portum,
609 3987 674 4052 sive
694 3986 894 4065 exeuntibus,
909 3986 1168 4075 quinquagesima
1187 3984 1326 4072 depensa
1342 3995 1391 4048 est

286 4090 363 4156 909,
383 4092 433 4135 10.
478 4076 510 4135 ix
524 4079 571 4149 τῆς
585 4075 749 4159 ἀπογραφῆς
763 4079 808 4150 τῆς
825 4076 906 4158 ἓντῷ
921 4074 1056 4159 Βοσπόρῳ
1074 4076 1151 4158 παρὰ
1173 4075 1229 4146 fois
1249 4075 1392 4151 ὄλλιμονι-

286 4160 369 4232 σταῖς
388 4174 465 4240 917,
484 4177 534 4222 10.
578 4158 653 4238 λάβι
674 4184 722 4240 μοι
747 4164 796 4235 τὴν
818 4163 983 4258 ἀπογραφὴν
1006 4161 1129 4237 ταυτηνὶ,
1144 4158 1229 4222 huuc
1252 4155 1391 4221 indicem

285 4241 452 4321 bonorum,
469 4243 517 4307 vel
533 4243 732 4332 supellectilis
745 4244 917 4322 domestici,
933 4260 965 4309 et
979 4244 1089 4309 mundi
1105 4241 1276 4319 muliebris,
1292 4263 1391 4331 quern

286 4351 369 4392 uxor
383 4351 452 4393 ntea
466 4352 504 4394 ex
522 4330 693 4396 hereditate
706 4345 847 4418 paterna,
863 4345 895 4395 et
914 4354 988 4419 quae
1010 4354 1097 4397 soror
1117 4331 1197 4417 ejus,
1209 4353 1284 4416 quae
1307 4350 1391 4393 uxor

287 4414 417 4501 Spudire
431 4430 488 4494 est,
503 4416 578 4481 item
592 4440 664 4482 acce
687 4417 711 4481 't
729 4421 823 4503 1036,
841 4435 891 4498 24
923 4419 1087 4502 ἀπογραφὴν
1102 4418 1235 4480 ποιεῖσθαι
1249 4415 1390 4480 indicare

287 4500 494 4589 magistratui,
510 4526 586 4581 esse,
603 4502 658 4589 qui
736 4526 756 4567 a
776 4517 901 4568 teneant
922 4502 1122 4591 habeantque
1143 4524 1202 4589 pro
1223 4501 1300 4580 suis,
1316 4523 1391 4588 quar
