2984 5000
520 303 836 372 GRAECITATIS.
1168 326 1225 374 ror

166 472 475 554 ἀποδημόααῦοειιοίω
495 472 601 552 domo,
625 478 828 543 commoratio
852 477 885 542 in
911 476 976 542 solo
1001 476 1168 565 peregrino
1195 479 1225 543 1.

128 559 196 645 [19,
215 578 229 620 1
234 560 384 707 5³:155
403 560 501 625 διὸὁεπο
520 567 568 640 την
587 564 742 647 ἀποδημίαν
758 569 794 639 εἰς
809 568 858 641 τὴν
871 562 1047 643 Ὀλυμπίαν.
1066 563 1226 650 quomodo

122 667 156 742 se
174 657 244 708 toto
259 644 266 656 '
282 644 313 709 io
333 658 474 744 tempore
493 649 634 734 gesserit,
656 671 722 735 quo
740 672 798 738 per
811 672 936 714 causam
952 648 1100 715 ludorum
1116 649 1227 739 Olym·

121 752 265 817 picorum
281 731 420 796 Athems
435 732 538 797 abfuit
552 736 620 799 An.
635 753 691 820 33,
707 754 737 820 7.
1212 788 1214 791 -

166 818 334 880 ἀποδιαιπάν
348 816 465 882 dicitur
478 818 595 884 arbiter
608 820 745 907 aliquem
761 820 914 886 sententia
928 843 986 885 sua
1003 820 1179 899 absolvens,
1194 835 1227 888 et
1261 852 1285 861 r

123 926 143 967 o
209 901 299 966 nitur
312 910 353 988 τῷ
367 906 561 968 καταδιαιτᾶν.
605 907 799 972 construitur
811 929 883 972 cum
898 906 1038 993 genitivo
1057 922 1089 972 et
1108 907 1224 973 dativo.

4 1020 5 1047 ι
121 993 206 1053 πειδει
229 990 314 1052 αιἰπδν
334 992 382 1067 την
404 988 490 1069 δόκην,
509 991 540 1068 ἢν
562 994 796 1080 καταδεδιηπῆκιι,
811 992 1049 1080 ἀποδεδιῃτημένην
1071 994 1230 1081 ἀποφέρειν.

124 1073 199 1157 (nisi
220 1074 392 1161 potiuslibi
415 1077 573 1155 ἀποφαίνειν
590 1077 652 1166 leg.
669 1082 741 1164 est.)
757 1077 926 1159 declarare,
940 1078 1136 1159 sententiam,
1152 1103 1226 1167 quoe

122 1159 153 1224 in
170 1160 307 1224 Midiarn
322 1161 528 1249 pronunciata
541 1178 633 1244 esset,
649 1162 823 1229 secundum
838 1187 910 1229 enm
931 1164 1027 1229 fuisse
1043 1166 1227 1251 pronuntia-

123 1260 188 1310 tam
210 1254 289 1332 542,
304 1249 337 1311 6.
360 1263 437 1335 545,
460 1251 511 1313 26.
556 1252 794 1332 ἀποδιαιτῆσωμεν
815 1254 960 1336 αὐτῷτὴν
982 1251 1100 1315 δίαιταν.
1144 1252 1227 1317 arbi-

122 1332 221 1397 trium
236 1332 408 1398 secundum
425 1357 457 1397 se
471 1333 618 1399 daremus
653 1356 709 1419 44,
727 1357 777 1418 24.
812 1336 977 1421 ἀπεδιῄτησό
990 1358 1044 1419 μου
1060 1342 1073 1399 ὁ
1088 1340 1225 1417 διαιτητὴς

123 1419 185 1502 περὶ
200 1416 239 1481 ἀν
252 1418 326 1483 οῦτοι
342 1420 500 1501 ἐδικάζοντό
510 1446 569 1502 μοι.
613 1351 747 1487 absolvit
761 1445 813 1487 me
831 1422 948 1488 arbiter
969 1422 1011 1488 ab
1031 1422 1069 1487 iis
1090 1423 1227 1488 crimini·

124 1504 196 1583 bus,
210 1527 349 1592 quornm
363 1504 396 1569 hi
412 1528 462 1569 me
475 1505 698 1573 insimulabant
716 1529 811 1595 1013,
829 1530 880 1591 14.
918 1514 932 1573 ὁ
947 1510 1084 1588 διαιτητὴς
1099 1514 1128 1573 οῦ
1142 1536 1226 1574 κατι.

123 1591 231 1670 διαὸτα,
251 1594 320 1655 ἀλλ’
342 1590 430 1655 ἀπιοὸν
451 1590 544 1677 ᾤχετο
566 1596 767 1672 ἀποδιαιτήσας
789 1596 886 1659 τοῦτον
906 1600 955 1672 την
977 1596 1085 1659 διἀιπαν
1107 1596 1223 1682 δσπὸρας

124 1678 169 1753 ἤδη
184 1675 267 1753 οὔσης
285 1696 379 1762 1190,
397 1678 425 1740 8.
470 1681 508 1742 πά
522 1674 752 1763 ἀποδιαιτηθέντα,
762 1705 817 1761 μου
832 1682 921 1755 λὸσας
936 1680 1071 1744 rescissis
1088 1681 1136 1759 iis,
1151 1704 1226 1768 quae

123 1784 182 1848 pro
205 1784 258 1825 me
280 1762 486 1850 pronunciata
506 1764 631 1830 fuerant
657 1786 751 1847 1021,
778 1768 1036 1834 12.=aeotranau
1059 1767 1140 1848 τινός.
1171 1767 1227 1832 ali·

123 1871 219 1935 quem
234 1848 395 1913 absolvere
409 1850 440 1914 1.
460 1870 532 1929 111,
548 1871 578 1936 9.
1222 1905 1225 1911 .

165 1935 383 2019 ἀποδιατρίβειν,
398 1935 529 2084 perdere
550 1951 676 2025 tempus
695 1937 801 2004 inutili
822 1937 1001 2016 cessatione,
1017 1953 1074 2003 aut
1095 1953 1224 2004 conten·

125 2019 256 2085 tionein
273 2020 488 2086 rebusaienia
501 2022 553 2086 AE.
569 2044 624 2109 34,
642 2043 696 2108 29.
1226 2062 1229 2070 ι

167 2108 323 2171 ἀποδιδόναι
338 2107 378 2184 ei,
393 2109 486 2196 cujus
499 2122 589 2188 esset,
604 2122 635 2174 et
650 2109 736 2174 unde
750 2109 920 2187 sumsisses,
937 2109 1108 2173 restituere.
1154 2111 1227 2174 οὐδέν
1263 2148 1291 2161 ω

124 2219 171 2275 μοι
185 2198 260 2256 ποιεῖ
272 2201 327 2257 τῶν
341 2196 463 2274 δικαίων,
478 2196 530 2258 οὔδ’
546 2196 694 2260 ἀποδίδωσι
710 2197 742 2259 πδ
757 2198 866 2259 δάνειον.
904 2218 966 2259 11011
982 2195 1086 2260 reddit
1100 2219 1143 2259 aes
1157 2218 1227 2260 mu-

125 2293 218 2343 tuum
233 2303 254 2343 a
268 2302 318 2344 me
332 2279 391 2344 sibi
404 2279 557 2345 creditum
576 2300 652 2365 911,
671 2301 720 2345 10.
765 2281 802 2367 b)
819 2281 967 2359 tribuere,
982 2280 1089 2368 largiri
1110 2280 1227 2368 simpli-

125 2365 201 2429 citer
215 2365 309 2430 etiam
324 2365 368 2443 id,
384 2366 472 2453 quod
486 2366 589 2431 minus
602 2366 730 2447 debeas,
746 2382 783 2432 nt
796 2367 949 2456 accipiens
963 2366 997 2431 id
1008 2390 1066 2455 pro
1077 2381 1159 2433 sorte
1170 2391 1234 2445 sua,

126 2451 184 2517 sibi
199 2451 403 2517 conveniente
416 2452 543 2533 habeat,
559 2467 674 2518 teneat.
717 2453 752 2517 ἀν
767 2456 814 2519 καδ
832 2459 955 2518 ὁπωσοῦν
973 2454 1088 2540 μετρίαν
1110 2462 1125 2532 i
1147 2454 1228 2531 φάσις

126 2538 188 2613 ὁὸιν
203 2541 298 2624 ἀποδῷ
315 2541 409 2625 1383,
427 2555 479 2623 27.
522 2544 553 2622 c)
570 2540 729 2620 exhibere,
744 2541 926 2620 attribuere,
941 2540 1119 2629 persolvere
1140 2540 1228 2606 debi-

127 2639 206 2703 tunt,
222 2640 371 2712 praestare
385 2625 430 2706 id,
447 2626 534 2713 quod
547 2639 579 2690 et
592 2626 643 2690 cui
661 2625 815 2707 dandum,
830 2627 1044 2715 praestandnm
1065 2639 1143 2691 erat.
1187 2631 1227 2709 μὴ

125 2717 173 2788 τὴν
188 2711 287 2792 ὁμοὸαν
301 2715 392 2787 αὐτοῖς
406 2713 493 2797 χάριν
507 2713 675 2787 ἀποδιδόντες
690 2716 765 2793 206,
784 2734 832 2800 15.
877 2712 979 2777 εῦνοιαν
992 2711 1054 2790 ὁσην
1073 2713 1227 2776 ἀποδιδόναι
1243 2759 1246 2764 ·

128 2800 202 2873 226,
221 2816 272 2860 10.
315 2801 367 2884 πμδ
382 2806 429 2862 τοῦ
442 2799 505 2871 ποῦς
519 2796 613 2882 ὁρκοος
633 2802 778 2862 ἀποδοῦναι
798 2798 981 2887 priusquam
999 2796 1226 2887 jusjurandum
1243 2849 1248 2860 ,

126 2881 269 2963 dixisset,
285 2883 373 2969 quod
386 2883 554 2947 dicendum
570 2883 630 2949 sibi
643 2898 723 2949 esset
739 2885 909 2949 necessario
924 2903 997 2969 234,
1013 2902 1048 2970 5.
1092 2885 1124 2947 τὸ
1138 2884 1226 2970 χάριν

126 2972 274 3033 ἀποδοῦναι
289 2970 452 3057 παρανόμων
466 2970 562 3057 γράφη
577 2974 653 3055 267,
669 2974 702 3036 6.
735 2972 798 3045 τοὺς
813 2970 905 3058 ὁμκους
920 2970 1030 3048 ἀποδοίη
1045 2973 1149 3045 αὐτοῖς.
1173 2969 1228 3034 de-

127 3055 223 3119 ferret
233 3056 363 3142 jurandi
378 3055 586 3120 conditionem
602 3077 678 3143 443,
698 3078 747 3144 15.
785 3066 839 3121 τῶν
854 3053 1027 3136 κεκτημένων
1042 3059 1073 3133 ἐξ
1087 3060 1226 3142 ἀμχηςηῖ
1245 3095 1247 3100 ,

126 3147 195 3224 γοῦν
210 3146 291 3227 ἑορτῇ
307 3142 468 3206 ἀπεδώκατε
484 3141 562 3206 εἶναι.
600 3143 705 3229 utqui
720 3156 812 3207 antea
829 3141 1037 3232 possedissent
1060 3164 1097 3205 ea
1118 3164 1227 3205 rursus

127 3243 272 3291 tenerent
288 3245 352 3315 per
372 3227 438 3292 dies
459 3229 555 3293 festos
576 3228 696 3308 saltem,
712 3228 788 3316 ipsis
809 3228 1005 3305 attribuistis,
1027 3226 1229 3315 adjudicastis

124 3315 203 3397 518,
223 3331 273 3395 17.
316 3319 365 3392 τὴν
379 3315 444 3402 ὑπὲρ
458 3320 533 3396 aaa
546 3317 680 3413 πιμωμὸαν
695 3315 807 3390 δικαὸως
822 3321 884 3397 ὑμῖν
899 3314 1025 3397 φυλάξας
1040 3315 1089 3377 καὶ
1104 3321 1147 3378 νῦν
1160 3318 1228 3377 ἀπο·

126 3397 249 3472 διδωιιοὸς
270 3404 342 3480 ὑμῖν.
380 3399 534 3465 reservavi
554 3401 643 3465 vobis
663 3415 695 3466 et
717 3424 801 3466 nunc
816 3401 904 3465 'vobis
926 3400 1022 3486 hujus
1038 3399 1121 3486 juris
1142 3421 1229 3463 exer-

125 3485 230 3564 cendi,
246 3484 277 3547 b.
291 3508 320 3549 e.
335 3508 438 3571 poenae
452 3485 672 3574 exsequenda,
687 3487 808 3574 copiam
824 3487 894 3566 feci,
907 3500 943 3550 ut
953 3508 1012 3573 par
1022 3501 1099 3565 erat,
1109 3484 1229 3572 qnippe

125 3571 214 3657 quod
225 3571 282 3659 jus
296 3586 434 3636 vestrum
449 3588 529 3637 esset
542 3587 639 3661 atque
653 3573 742 3639 vobis
755 3574 923 3638 deberetur
936 3587 1013 3658 527,
1028 3573 1059 3635 8.
1087 3574 1164 3653 παρὰ
1179 3577 1229 3633 τοῦ

128 3659 163 3738 (a
176 3680 316 3756 quonam
323 3661 353 3744 ?)
369 3660 498 3744 προσῆκει
513 3687 561 3743 μοι
577 3664 624 3738 τὴν
644 3686 718 3741 τιμω
737 3658 780 3723 ὁαν
801 3662 972 3737 ἀποδοθῆναι,
987 3655 1022 3721 οῦν
1044 3656 1162 3721 πόπονὸα
1183 3655 1229 3719 iu-

123 3744 282 3830 junarnm
298 3744 375 3808 mihi
389 3745 564 3811 oblatarum
580 3769 690 3833 poenas
704 3687 838 3833 dependi
852 3765 929 3831 539,
946 3760 975 3828 7.
1011 3748 1064 3818 πάς
1078 3747 1229 3816 ἐπιστολὰς

128 3836 176 3894 οὐκ
200 3830 365 3894 ἀποδίδωσιν
387 3830 474 3910 οὗτος,
491 3830 522 3906 a,
546 3831 632 3910 ἔλαβε
654 3834 719 3917 παρ’
735 3836 802 3914 ὁμοῦ
825 3851 970 3918 909,19.
1015 3827 1167 3892 ἀποδιδόναι
1182 3831 1229 3906 τὴν

127 3919 210 3998 τιμὴν
236 3916 279 3981 rei
299 3915 444 4004 ‘pretium
470 3918 647 4005 persolvere
677 3936 716 3980 10
739 3938 772 3995 0,
795 3938 846 4003 23.
891 3924 906 3994 ἡ
933 3915 1007 4001 τάχη
1032 3916 1098 4001 πρὸς
1118 3915 1151 3978 ri
1173 3913 1252 3990 δεόνΙ

129 4001 243 4066 ἅπαντα
257 4002 469 4087 ὁμολογούμενα
483 4004 632 4068 ἀπέδωκεν.
677 4027 695 4066 e
719 4003 791 4084 ecit,
807 4018 854 4083 ut,
870 4026 943 4089 quae
957 4023 1134 4088 repugnare
1144 3999 1231 4064 vide·

130 4104 251 4168 rentur,
266 4088 397 4153 interae
410 4088 507 4153 arnice
521 4089 709 4177 conspirent,
725 4112 791 4176 quo
803 4088 848 4166 id,
883 4087 946 4153 uod
957 4102 1093 4176 oportet,
1104 4085 1231 4175 exsiste·
1252 4139 1254 4144 s

129 4190 176 4239 ret
202 4195 296 4259 1405,
315 4194 365 4240 20.
410 4176 447 4260 d)
463 4175 631 4285 assignare,
647 4175 811 4262 deputare,
825 4113 982 4265 'deiegara
998 4173 1161 4252 mandare,
1174 4171 1231 4260 ad-¹

126 4260 280 4345 judicare.
326 4265 349 4324 ei
363 4264 420 4335 τοῖς
434 4261 684 4339 μὶν-επιπάππειν
698 4263 855 4325 ἀποδάσετε
873 4277 924 4345 27,
945 4282 971 4325 1.
1016 4257 1108 4340 οὸσπερ
1122 4263 1163 4344 τῷ
1177 4272 1231 4348 λαρ

131 4348 186 4422 βιῖν
200 4347 357 4424 ἐκκλησίαν
370 4348 591 4429 ἀποδεδώκαμεν,
609 4347 679 4413 nitor
693 4349 742 4411 rui
757 4348 816 4431 πεμδ
832 4354 880 4411 τοῦ
894 4348 1084 4455 συνταχθῆναι
1107 4350 1180 4428 167,
1196 4346 1229 4408 6.

134 4431 163 4497 8.
205 4435 268 4508 ποῦς
284 4433 374 4519 ὁχδρά
388 4439 531 4507 ποιοῦντας
546 4437 573 4497 iv
589 4437 686 4519 ὁχὸροῦ
701 4435 787 4520 μοὸρηι
807 4432 934 4515 κολάζειν
956 4436 1094 4495 ἀπεδωκεν
1116 4436 1129 4494 ὁ
1152 4430 1231 4510 νόμος
1252 4495 1256 4510 ‚

133 4519 284 4604 permisit,
296 4532 365 4599 aut,
377 4519 432 4606 jus
445 4519 589 4585 debitum
603 4519 740 4584 reddidit
755 4521 832 4606 638,
848 4521 877 4582 6.
922 4524 946 4583 εἰ
964 4522 1004 4600 μη
1022 4515 1160 4594 ἐπείσθητε
1181 4518 1231 4579 aci

651 4625 710 4691 ¹¹3
