2984 5000
518 289 843 355 GRAECITATIS.
949 307 953 315 ·
1164 309 1229 377 409

171 462 297 543 ίρορμεῖν
310 463 365 534 τοῖς
380 465 479 525 lami
494 462 598 546 καιροῖς
610 460 692 525 τύλιν
705 460 839 546 μεγάλην
850 480 907 548 3ο,
925 480 976 545 19.
1012 458 1152 526 insidiari
1165 459 1231 527 suis

125 545 428 634 opportunitatibus,
441 544 487 611 rei
500 546 580 612 bene
592 546 751 635 gerendae,
760 548 801 612 ad
809 547 907 612 instar
915 546 1100 636 piratarum,
1112 547 1169 648 qui
1179 571 1232 613 oo-

124 655 195 699 ram
210 633 368 721 portubus
381 632 424 698 ad
442 654 589 698 ancoram
608 647 736 714 stantes,
751 633 785 696 in
807 633 878 698 sinu
899 634 1038 722 quodam
1059 657 1154 700 mans
1174 634 1231 699 ob-

126 718 265 785 scuriore
278 741 374 784 naves
386 718 588 807 speculantur
601 734 634 786 et
652 719 875 809 praestolantur
894 744 912 785 e
932 721 1089 820 portubus
1110 720 1232 809 egredi·

126 819 226 886 entes,
241 805 397 871 mercibus
410 820 557 881 onustas;
605 829 661 871 uas
674 820 797 872 evectas
817 806 950 872 insecuti
968 808 1137 896 derepente
1157 830 1232 873 con·

125 907 286 1003 {optantur
300 907 333 957 et
343 915 513 1004 ppprcssss
523 916 562 957 ex
587 893 593 905 '
647 906 675 1003 t.
718 893 843 1004 βοήθειαν
857 895 1099 973 salmantinis
1114 894 1229 973 Πύλας,

126 997 161 1061 ερ
172 977 215 1087 ,ἣν
228 985 259 1042 αῖ
272 1004 441 1077 τεντιςιιοντα
454 1005 567 1080 τριηρεις
581 984 687 1078 *ipsos
703 983 843 1067 ἐροιρμουν
855 999 933 1080 444,
951 984 1002 1047 16.
1015 1066 1022 1081 ι
1048 1066 1055 1080 ⁸

150 1082 259 1214 οερΙοροι
273 1084 387 1129 nomen
402 1065 535 1154 alicujus
550 1078 752 1154 magistratus
765 1065 904 1133 Athems
913 1068 974 1134 sub
984 1080 1114 1154 tngrnta
1125 1081 1231 1156 tyran·

127 1172 177 1215 ms
227 1168 329 1233 ,114
348 1171 396 1237 13.
413 1170 466 1219 22.

170 1235 247 1322 ἔχειν
274 1237 398 1322 ἡσυχίαν
430 1258 482 1324 13,
514 1257 565 1305 11.
620 1246 678 1313 τοῖς
706 1237 806 1324 ίχουσι
839 1238 987 1325 [subaudi
1014 1245 1064 1302 τοῦ
1093 1246 1149 1321 νοῦ,
1178 1238 1228 1304 vel

127 1327 206 1387 ιιατοὶ
232 1323 279 1388 τδν
303 1330 374 1404 νοῦν,
397 1324 447 1389 vel
471 1331 520 1402 τῆς
541 1323 652 1434 ρνοίιμιις
691 1325 838 1412 Φιλίππῳ,
858 1348 924 1412 quo
948 1326 1010 1391 sint
1031 1324 1136 1391 animo
1155 1349 1232 1414 erga

127 1407 314 1497 Philippum
332 1428 385 1488 11,
402 1409 458 1475 ult.
487 1415 631 1509 ⁸iygsttrcos,
645 1437 680 1486 ους
695 1409 821 1496 ῖχουσιν,
838 1415 902 1495 ἡμῖν
920 1412 966 1497 [id
987 1427 1035 1477 est
1050 1413 1117 1500 τρδς
1137 1419 1210 1494 ἡμᾶς

126 1496 274 1576 Θηβαίαν.
303 1495 347 1561 ita
368 1497 513 1562 animatas
533 1516 588 1584 30,
614 1509 720 1584 antep.
767 1500 806 1561 τοί
830 1498 896 1584 τρδς
920 1503 992 1581 ἡμᾶς
1017 1501 1044 1562 ἔν
1069 1499 1156 1585 εὐνοίᾳ
1182 1497 1206 1584 [i

127 1594 176 1646 est
203 1583 343 1666 εὐνοϊκῶς]
369 1582 456 1669 ίχειν,
479 1581 529 1648 vel
553 1586 649 1647 εὐνοεῖν
673 1587 737 1665 ἡμῖν
761 1582 835 1665 184,
863 1604 915 1649 11.
960 1586 991 1648 τδ
1014 1585 1042 1647 δὲ
1066 1589 1122 1671 οὐχ
1145 1583 1231 1659 αὐτους

128 1666 201 1753 ίχει.
238 1691 287 1733 res
301 1669 344 1734 sic
363 1693 396 1734 se
414 1692 477 1734 non
498 1668 593 1734 habet
609 1685 665 1755 37,
680 1672 710 1733 6.
754 1670 791 1744 οῖς
814 1672 878 1733 κατ’
894 1669 1008 1745 ἐκείνους
1031 1671 1093 1745 τούς
1115 1669 1231 1756 χρίνους

127 1752 191 1861 clyp
210 1759 250 1819 τοὶ
268 1756 440 1864 ρρᾶγμαρα,
464 1760 623 1839 ἇναμνῖμαι
645 1757 717 1836 ὐμοῖς
739 1772 815 1863 139,
839 1769 891 1840 15.
936 1755 1050 1863 δταροδ
1073 1761 1159 1820 τᾶσιν
1183 1761 1232 1820 ἇν-

127 1840 250 2013 iiiii.
266 1866 328 2013 li,
374 1841 1230 2014 {ttl‘t‘lllltl’ltttltil.2tlt”..l:tlt

127 2016 288 2076 τοὶίαυτοῖν
310 2014 433 2100 83,15.
477 2013 582 2078 αἰτίαν.
613 2016 681 2077 ἀλλ’
696 2014 750 2077 οὐδ’
770 2011 863 2077 οιίτίαν
880 2012 1007 2091 τοιαύτης
1028 2012 1127 2097 ζημίας
1147 2011 1231 2089 ὐνίους

128 2096 205 2183 ίχειν
224 2102 312 2162 καλὸν
334 2101 411 2184 998,
436 2100 465 2166 8.
509 2099 652 2180 βούλησιν.
685 2100 750 2164 τίνα
773 2098 818 2164 οὐν
838 2097 920 2182 νίμον
942 2103 1016 2182 ὐμῖν,
1039 2098 1055 2177 ἢ
1076 2097 1141 2162 τίνα
1165 2099 1232 2180 βού-

128 2197 210 2261 λιςσιν
231 2183 307 2285 ἔχειν
326 2188 400 2250 δοκεῖ
421 2202 497 2272 794,
524 2188 576 2287 16.
611 2185 730 2284 διάνοιαν
755 2200 850 2268 1471,
874 2199 924 2273 15.
959 2185 1044 2285 ,δίκην
1067 2184 1153 2271 ίχεις.
1183 2197 1232 2285 est

170 2292 225 2335 nes
239 2284 270 2335 te
279 2295 335 2358 Jus
348 2284 380 2336 et
393 2272 528 2338 facultas
536 2295 592 2360 Jus
606 2286 747 2337 tuumm
761 2270 831 2337 foro
841 2271 969 2360 petendi
980 2285 1013 2335 et
1022 2271 1231 2359 persequendi

151 2376 206 2440 90,
220 2376 254 2442 3.
291 2361 436 2437 διαιτητῶν
449 2359 570 2446 ίχύντιυν
583 2362 635 2434 τιδς
649 2358 737 2434 δίκας.
775 2357 845 2423 lites
864 2359 925 2424 sub
942 2381 1030 2439 cura,
1041 2357 1118 2437 fide,
1132 2358 1232 2424 admi-

128 2442 310 2510 nistratione
324 2467 382 2510 sus
392 2445 594 2526 habentibus,
606 2467 658 2511 eas
667 2445 864 2512 versantibus
874 2461 907 2512 et
917 2444 1124 2513 tractantibus
1136 2460 1231 2533 1153,

128 2551 160 2612 4.
188 2532 233 2596 διὰ
248 2533 295 2595 τδν
309 2534 413 2616 ιιαιρδν,
427 2532 455 2609 t,
469 2531 501 2611 ἦν
514 2534 588 2611 εὐτε,
604 2532 678 2619 ἔχων
692 2533 819 2610 ἐξουσίαν
834 2534 910 2614 608,
927 2534 956 2599 8.
1033 2533 1097 2621 δραν
1110 2533 1232 2613 βεβαίαν

129 2617 206 2704 ίχειν
222 2637 273 2697 11,
287 2633 320 2704 5.
364 2618 534 2704 νίμον794,
552 2622 601 2684 16.
645 2617 673 2682 εί
684 2645 725 2694 τις
741 2532 1233 2708 ὐμοῖνοίλλαςεαςῖίχειτδνύργὴν

129 2704 173 2768 isl
186 2704 318 2783 Μειδίαν,
333 2703 349 2782 ἢ
363 2708 399 2781 οῖς
414 2706 471 2769 δίον
484 2704 568 2770 αὐτύν
581 2705 718 2785 τνδνοίναι,
735 2709 786 2769 οὐκ
800 2707 881 2791 splot,
894 2706 956 2793 ῖχει
969 2720 1047 2792 537,
1063 2720 1095 2791 5.
1126 2708 1234 2793 Κερκυ-

128 2789 199 2876 ραίῳ
213 2793 278 2869 τινί,
293 2799 347 2856 τῶν
361 2791 482 2878 ίχίντοοι
499 2798 543 2855 νῦν
562 2795 611 2870 τὴν
632 2791 712 2855 πόλιν
733 2815 753 2856 e
773 2814 906 2858 numero
926 2791 1118 2882 principum,
1132 2813 1231 2878 remp.

130 2877 320 2964 Corcyream
336 2900 421 2943 nunc
435 2876 467 2942 in
483 2890 639 2967 potestate
651 2877 836 2943 habentium
851 2881 926 2965 763,
941 2899 974 2963 9.
1011 2881 1061 2943 οὐκ
1083 2878 1145 2964 ῖχοο
1166 2876 1233 2942 τού-

129 2987 179 3027 τυυ
203 2964 332 3049 πρότερον
352 2964 530 3050 πρόσταγμα
559 2966 655 3050 1485,
678 2986 708 3050 9.
754 2963 819 3029 soil.
846 2965 1040 3051 προστάττειν.
1077 2969 1092 3028 δ
1116 2964 1232 3048 ἀρίστην

129 3047 206 3134 ίχειν
219 3049 309 3135 τύχιρν
324 3054 440 3133 οἰόμενος
455 3053 504 3114 οὐκ
519 3050 597 3130 οίδιν,
611 3055 633 3115 εί
640 3050 760 3132 ιτυιαιίτις
774 3054 851 3134 μενεῖ
865 3049 954 3138 μίχρι
974 3051 1023 3116 καί
1045 3056 1093 3128 τῆς
1115 3047 1233 3135 δστίρας

128 3154 207 3219 311,
225 3155 275 3221 13.
317 3136 396 3222 χρία
408 3144 521 3201 τολλῐον
535 3136 682 3201 ταλάντων
695 3135 733 3201 ἔτ’
749 3136 833 3223 ίχοον.
867 3137 994 3202 nomina
1008 3136 1068 3203 sibi
1081 3133 1200 3215 debita,
1212 3155 1234 3199 a

129 3243 164 3285 se
186 3220 352 3309 exigenda.
388 3223 600 3313 ουύνύυτιύῖνις
623 3223 709 3288 debts
734 3240 810 3311 957,
835 3242 868 3305 4.
909 3225 1060 3311 χρήματα.
1097 3219 1233 3286 subaudi

129 3311 269 3373 ἀπαιτεῖν.
307 3309 586 3374 tobaveacluim.
624 3309 779 3393 αίτιοίμειοι
800 3315 900 3397 τυλλῷ
921 3309 1044 3385 πλείονος
1065 3307 1134 3387 ι’ίξια
1156 3307 1233 3394 ίχειν

130 3393 203 3480 they
225 3394 290 3458 lud
313 3396 382 3460 still
401 3418 488 3460 more
509 3406 540 3461 to
561 3396 697 3462 demand
718 3393 755 3461 εῖν
777 3395 949 3480 ίδεδιίκειμεν
968 3396 1136 3482 χρημάτων,
1154 3394 1233 3459 llmn

130 3480 216 3545 selant
244 3502 288 3545 εοε
315 3482 380 3546 Ιιαύ
402 3483 566 3547 adsum
584 3499 659 3569 970,
678 3503 710 3564 4
756 3481 936 3571 simpliciter
956 3505 1016 3570 pro
1030 3502 1134 3571 ρυεει.
1170 3479 1234 3544 τού-

129 3591 193 3641 τους
215 3565 291 3653 ᾤμην
305 3570 358 3632 δεῖν
372 3568 450 3654 ἔχειν
463 3569 511 3634 καί
524 3572 661 3654 οίμαρτεῖν
677 3586 774 3655 1473,
789 3589 823 3656 3.
852 3569 890 3655 b)
906 3592 965 3658 pro
980 3569 1079 3648 dives,
1094 3564 1234 3654 locuples

129 3675 207 3732 esse,
229 3654 400 3720 subaudito
467 3656 572 3739 ’ματα
615 3653 727 3729 τυύτυυς
745 3659 872 3740 τεριυροῖν
891 3660 995 3731 ίνταῖς
1009 3654 1151 3742 ίσχοίταις
1164 3658 1234 3717 oiso-

129 3738 201 3824 ρίαις
229 3738 308 3816 ὄντας
329 3743 413 3805 αὐτδν
475 3768 541 3806 οντα
567 3743 615 3808 καί
641 3749 816 3806 πλουτοῦντα
844 3760 938 3828 1123,
964 3761 1014 3828 15.
1067 3744 1101 3825 0)
1127 3760 1233 3805 secum

129 3823 258 3890 habere.
300 3826 435 3892 subaudi
458 3829 520 3911 μεθ’
536 3834 643 3894 ίαυτυύ.
670 3832 708 3892 rol
721 3826 821 3892 ταιδία
834 3827 909 3914 ίχοον
931 3832 1064 3915 ὀδυρεῖται
1085 3840 1162 3937 574,
1180 3844 1233 3911 13.

129 3927 274 3996 57514.
297 3915 442 3994 608,14.
479 3913 517 3999 d)
533 3915 568 3979 in
587 3927 742 4003 potestate
763 3913 890 3979 habere.
925 3922 970 3980 νῦν
991 3913 1074 4065 ἵετε
1097 3916 1234 3999 ανδροιτον

129 4015 278 4081 440,17.
323 3998 421 4080 λαβούν
446 4002 662 4088 δ’ὐεερῆραρον,
688 4002 737 4065 καί
762 4000 847 4087 ίχοον,
872 3998 989 4101 [subau
1013 4000 1024 4063 i
1046 4003 1085 4064 τοδ
1106 3999 1232 4088 εούτου,]

129 4085 230 4158 οὐδενδς
251 4086 367 4172 ἡψάμην
389 4102 544 4174 54ο,13.
589 4091 622 4172 e)
644 4110 767 4175 capere,
789 4109 979 4177 mancipare,
1002 4109 1098 4152 manu
1119 4086 1235 4174 injecta

130 4169 190 4234 sibi
211 4169 380 4250 vindicare,
403 4183 434 4238 to
455 4174 576 4261 11311
597 4175 747 4263 emtargo
767 4197 810 4240 on
832 4175 907 4254 886,
922 4194 955 4261 5.
997 4175 1030 4258 f)
1052 4174 1085 4238 in
1104 4195 1235 4258 corpore

129 4279 251 4343 gerere,
275 4272 311 4324 ut
333 4275 462 4325 vestem.
487 4259 623 4347 τρίβωνας
645 4263 749 4349 ἔχουσι
771 4264 933 4347 1167,11.
977 4264 1015 4348 g)
1031 4261 1119 4336 scire,
1135 4281 1233 4323 nosse.

130 4344 185 4406 οὐδ’
201 4342 218 4406 ί
235 4371 264 4407 τι
284 4349 343 4444 χρὴ
362 4350 447 4410 ποιεῖν
469 4345 555 4427 ἕξετε,
572 4371 611 4412 ne
624 4348 787 4414 eonsilium
802 4348 931 4436 quidem
946 4347 978 4411 in
994 4360 1122 4434 promtu
1140 4344 1235 4410 habe-

129 4428 216 4508 bitis,
230 4432 286 4496 sed
300 4432 410 4497 incerti
425 4432 521 4510 eritis,
537 4435 616 4521 quid
630 4435 790 4534 agendum
805 4434 894 4500 vobis
907 4435 947 4499 sit
960 4453 1037 4518 415,
1054 4453 1102 4498 10.
1147 4430 1185 4515 lt)
1200 4429 1234 4493 in

130 4539 164 4581 se
180 4531 296 4601 tenere,
311 4520 491 4608 importare,
500 4521 644 4608 prodere,
657 4522 805 4602 indicare,
816 4520 1003 4586 insimulare.
1026 4525 1068 4606 τῷ
1080 4522 1129 4598 τὴν
1144 4542 1233 4594 κατη-
