2984 5000
530 269 852 337 GRAECI'I'ATIS.
1175 290 1237 357 241

137 436 209 505 ἰδίαν
222 438 336 504 δασέαν
350 444 407 503 ποῖον
424 441 453 503 ἰν
468 442 531 514 ταῖς
548 439 701 517 πολιτείαις
715 446 740 506 οἰ
753 442 829 524 νέμοι
845 442 932 520 κοινην
953 442 1001 521 τιδι’
1016 441 1167 524 μετουσίαν
1187 447 1237 510 καί

136 524 199 602 ἰσην
212 524 313 589 ἰδοσαν
326 525 376 588 καί
389 529 446 600 τοῖς
459 526 584 590 ἀσθενέσι
600 528 649 590 καί
662 531 719 603 τοῖς
734 531 860 613 ἰσχυροῖς
878 547 950 613 199,
970 546 1017 607 14.
1057 527 1114 592 ubi
1133 536 1189 595 τῶν
1209 535 1237 596 ἰν

135 614 198 686 ταῖς
210 608 365 685 πολιτείαις
380 623 443 675 tom
458 609 501 675 ad
514 612 626 677 δικαίαν
644 627 747 701 potest
765 612 886 693 referri,
902 613 1054 699 quemad
1070 614 1236 702 insequens

134 700 192 772 τοῖς
206 696 333 760 ἀσίενέσι
348 711 381 761 et
395 701 529 782 ἰσχυροῖς.
552 702 590 761 τὰ
613 703 690 762 κοινοὶ
711 700 807 763 δίκαια
825 700 899 783 778,
916 717 968 765 22.
1011 704 1050 764 σά
1064 703 1175 766 τουτουί
1186 709 1234 766 τοῦ

134 786 244 867 ἀγῶνος
259 781 355 846 δίκαιά
369 786 444 847 έσπιν
460 788 566 869 ἰσχυρά
578 800 653 869 770,
667 802 696 868 7.
718 793 812 848 ταῦτα
826 787 852 848 δὲ
866 785 960 848 πάντα
973 786 1109 869 μεγάλιον
1123 788 1235 853 δικαίων

133 871 201 956 παρ’
215 872 279 951 ύμῖν
294 869 403 953 ἰσχύειν
415 868 499 932 πλέον
513 889 589 954 990,
600 890 652 934 21.
678 874 734 943 τοῖς
748 872 799 952 μέν
814 876 861 946 τῆς
876 869 1007 948 ἐνδείξεως
1022 871 1134 947 δικαίοις
1148 880 1234 937 πάσιν

135 954 270 1018 έιέλοοκιν.
287 953 415 1042 juribus
433 969 465 1019 et
479 955 609 1119 punctis
624 955 784 1036 omnibus,
798 955 915 1043 quibus
932 971 1071 1021 armatus
1086 971 1120 1021 tu
1135 959 1234 1045 possis

134 1038 274 1127 aliquem
288 1040 409 1104 actione
423 1043 478 1104 ίνδι
507 1066 555 1116 ειυς
568 1064 709 1129 premere
723 1057 799 1125 774,
811 1060 861 1127 23.
888 1047 926 1106 πιί
937 1051 990 1106 τῶν
1004 1042 1142 1127 προγένιυν
1153 1051 1233 1110 uana

133 1124 249 1190 deeora
262 1127 311 1189 καί
326 1125 421 1191 δίκαια
433 1126 509 1213 jura
528 1132 646 1226 ἀναιρεῖν
662 1129 737 1207 246,
748 1148 782 1210 4.
826 1129 869 1191 tet
884 1133 921 1192 σά
936 1128 1030 1192 δίκαιον
1045 1134 1081 1202 εἰς
1095 1131 1232 1194 Σικελίαν

133 1215 268 1276 ἀναπλεῖν
286 1212 319 1276 in
342 1211 478 1277 Siciliam
495 1235 675 1300 renavigare
684 1212 767 1301 juris
782 1213 865 1323 segni
880 1213 964 1278 illinc
977 1215 1139 1302 repetendi
1153 1239 1230 1305 ergo

134 1295 209 1381 887,
227 1316 281 1379 24.
325 1302 364 1361 σά
387 1303 465 1363 κοινοί
488 1298 583 1363 δίκαια
605 1299 771 1386 ἀνατρέψειν
794 1326 841 1363 οιει
865 1301 939 1383 778,
956 1319 1005 1367 22.
1050 1309 1106 1374 πῶς
1125 1305 1182 1385 γὰρ
1200 1307 1230 1368 oti

133 1384 225 1463 διινδν,
247 1391 300 1448 τῶν
320 1387 411 1449 αὐτῶν
432 1383 544 1449 δικαίαν
563 1386 706 1462 ἠξιωκέναι
726 1385 859 1472 dignum
881 1385 1045 1464 censuisse,
1060 1401 1098 1452 nt
1111 1387 1230 1454 eaedem

132 1491 237 1556 poenoe
260 1469 469 1536 scriberentur
491 1469 639 1557 legitime
661 1485 757 1559 atque
779 1494 818 1535 ex
836 1472 910 1559 jure
927 1485 1148 1559 competentes,
1168 1477 1231 1550 τοὺς

131 1557 363 1641 ἐξεληλεγμένους
377 1559 536 1641 ἀδικοῦντας
548 1563 597 1636 πην
610 1562 690 1622 πόλιν
703 1559 842 1645 πρότερον,
859 1559 906 1622 καί
921 1560 984 1632 τοὺς
999 1560 1061 1640 μηδ
1077 1564 1100 1622 εἰ
1115 1558 1229 1647 κρίσεοος

131 1639 208 1719 ἀξιον
230 1641 401 1728 ἐργάσονταί
421 1667 447 1705 τι
469 1644 565 1717 δήλους
587 1658 731 1729 724,13.
774 1645 924 1708 ἀπολαύειν
944 1652 998 1708 τῶν
1015 1644 1135 1711 δικαίαν.
1152 1645 1227 1732 jura

131 1748 190 1791 sna
204 1728 297 1804 tueri,
311 1750 464 1805 exercere,
479 1728 601 1793 fructus
620 1726 728 1793 eor'um
743 1730 903 1837 percipere
918 1732 993 1807 218,
1007 1748 1041 1815 5.
1085 1732 1227 1819 προσέρχη

129 1814 196 1898 πρδς
206 1820 311 1892 ταῦτα,
327 1815 373 1894 ἀφ’
387 1811 424 1877 ὦν
437 1814 624 1879 ἀπελαύνουσί
637 1841 670 1879 σε
685 1821 709 1880 οἰ
723 1841 810 1896 νομοι,
825 1818 1070 1901 ἀπεσχοινισμένος
1090 1816 1166 1901 [scil.
1176 1821 1224 1881 ἀπ’

130 1901 235 1985 αὐτῶν]
259 1905 329 1963 πάσι
348 1903 405 1973 τοίς
423 1903 450 1961 ἰν
469 1904 502 1985 τῇ
522 1899 600 1964 πέλει
619 1901 733 1976 δικαίοις
747 1900 832 1965 unde
846 1901 992 1966 exclusus
1005 1924 1038 1966 es
1052 1924 1109 1988 per
1122 1902 1228 1968 omnin

130 1984 268 2049 universi
278 1985 360 2074 juris
373 1983 471 2049 civilis
483 1985 586 2073 capita
601 1987 675 2070 778,
694 2002 742 2070 17.
773 2008 845 2050 nom
862 1990 900 2051 πιδ
915 1988 1009 2051 δίκαια
1024 2001 1097 2051 sunt
1111 1988 1226 2077 cuique

129 2070 357 2148 convenientis,
369 2070 434 2136 sive
446 2071 607 2137 fructuosa
620 2088 653 2137 et
666 2071 825 2160 optabilis,
837 2072 901 2137 sive
915 2071 1045 2147 molesta
1058 2087 1090 2138 et
1102 2072 1226 2161 ingrato

128 2170 227 2243 etque
245 2157 405 2237 damnose,
428 2157 615 2245 praestando,
640 2158 784 2235 fruenda,
806 2156 969 2246 speranda,
987 2159 1163 2224 metuendo.
1186 2165 1225 2225 πά

128 2249 184 2306 τῶν
205 2242 304 2308 ἀλλων
325 2243 419 2307 δίκαια
440 2244 586 2328 βραβεύειν
606 2246 660 2330 36,
677 2265 710 2329 7.
755 2243 869 2320 είκοντες
886 2248 942 2318 τοίς
959 2243 1096 2332 ὑμετέροις
1110 2243 1224 2321 δικαίοις

130 2328 275 2415 802,15.
308 2335 333 2393 οἰ
354 2331 376 2392 δ
395 2330 538 2408 ἀντίδικοι,
560 2332 617 2412 μεθ’
642 2336 739 2394 ἰαυποῡ
762 2330 853 2409 δείξων
875 2330 1002 2414 έκάτερος
1024 2328 1090 2394 ὄντα
1111 2335 1150 2395 σοί
1168 2338 1224 2395 τῶν

128 2414 217 2497 νέμων
237 2415 333 2479 δίκαια
355 2419 462 2502 ἰσχυροί
486 2429 560 2499 771,
576 2433 605 2482 2.
648 2415 729 2498 μένου
748 2423 803 2480 τῶν
824 2413 886 2480 τίσι
903 2416 1019 2503 μητέρων
1040 2416 1223 2494 έξεπάσανσος

127 2504 195 2582 έμοῦ
210 2506 248 2566 τοί
262 2503 327 2587 ιἰπίρ
342 2507 417 2583 ὑμῶν
431 2501 526 2565 δίκαια
543 2505 637 2588 1469,
650 2522 700 2569 22.
730 2506 780 2567 ούιι
794 2498 829 2566 ἀν
842 2506 917 2583 ἡμεῖς
932 2499 1021 2584 είημεν
1035 2508 1059 2566 οἰ
1073 2507 1222 2585 μεταβαλ·

127 2588 249 2668 λίμενοι,
263 2589 330 2652 ἀλλ’
345 2594 370 2651 οἰ
387 2591 426 2669 μὴ
447 2589 566 2662 θέλοντες
586 2588 709 2672 ἰμμένειν
729 2592 786 2663 τοῖς
807 2588 920 2663 δικαίοις
938 2588 1013 2663 206,
1032 2608 1061 2652 1.
1105 2592 1143 2671 μὴ
1157 2590 1223 2672 πρί-

126 2690 213 2755 φασιν
223 2675 310 2756 δῶμεν
319 2676 494 2753 βασιλιίποῢ
506 2679 545 2738 πά
559 2674 654 2738 δίκαια
667 2675 733 2757 ύπίρ
749 2682 802 2738 τῶν
816 2672 911 2739 ι’ίλλαν
920 2674 1064 2752 Ἑλλήνων
1077 2677 1164 2755 ζητεῖν
1174 2673 1221 2739 in·

126 2759 253 2844 quirere
265 2759 297 2823 in
308 2760 383 2847 jura
393 2758 514 2825 Groecis
527 2759 654 2847 reliquis
667 2759 784 2838 debita,
795 2773 891 2846 atque
904 2758 990 2824 salve
998 2760 1219 2837 conservanda,

126 2844 258 2926 tuendo,
277 2869 377 2934 enque
399 2845 480 2910 tueri
501 2844 617 2911 violato
687 2870 727 2911 ue
748 2868 857 2911 eorum
878 2844 982 2911 ulcisci
1008 2846 1079 2924 188,
1096 2862 1148 2911 21.
1190 2846 1222 2911 τί

126 2934 195 3017 αἰχ,
209 2930 301 3019 ι’έσπιρ
316 2938 340 2997 οἰ
353 2930 449 3011 ἄλλοι,
464 2935 502 2995 τὰ
516 2933 612 2997 δίκαια
626 2936 784 3015 ἰλαμβσνις
798 2935 873 3018 ἰνπῇ
910 2936 936 2994 ”.
955 2953 1012 2996 eur
1025 2953 1099 3010 non,
1115 2930 1220 2997 adhue

125 3014 159 3080 in
172 3017 351 3082 continente
364 3040 436 3083 cum
451 3017 569 3098 essetis,
587 3041 607 3082 s
624 3018 766 3084 debitore
788 3030 845 3082 tuo
863 2959 924 3082 ῖίίίν
941 3016 1083 3105 prestari
1104 3017 1220 3084 curasti

125 3116 223 3202 etque
241 3103 372 3191 exegisti
393 3126 441 3182 ea,
456 3127 530 3190 quae
550 3103 681 3169 illectu
701 3104 743 3169 ad
765 3103 961 3203 securitatenr
981 3103 1090 3168 crediti
1110 3103 1159 3169 tui
1176 3102 1219 3168 de

120 3187 1219 3364 121121111111111111111111νί1.κί

124 3362 221 3447 ῥαδίως
236 3360 271 3426 ἀν
284 3366 324 3426 σοὶ
336 3362 433 3427 δίκαια
448 3362 605 3443 έλάμβανες
625 3364 708 3441 εύίδς,
724 3360 751 3426 εἰ
769 3389 796 3425 πε
818 3364 921 3439 ἠδικοῦ.
946 3361 1001 3448 jus
1021 3375 1113 3425 tuum
1130 3382 1219 3448 repe·

125 3425 214 3511 omos
228 3468 248 3534 9
249 3463 305 3534 51,
323 3468 373 3535 13.
416 3450 451 3522 οὖς
465 3447 565 3514 ἀποπέν
579 3453 639 3513 έσσι
653 3451 712 3536 περί
727 3455 783 3513 τῶν
797 3445 907 3511 δικαίαν
920 3450 992 3530 ύμάς
1006 3446 1154 3525 διδάσκειν,
1168 3451 1218 3510 ao·

124 3532 171 3597 σδν
184 3537 216 3598 ού
229 3540 358 3598 ποιοῦντα
371 3538 409 3598 πεί
423 3537 518 3598 δίκαια
535 3535 607 3619 198,
623 3552 655 3618 7.
698 3539 721 3599 εἰ
736 3537 775 3597 τοὶ
791 3531 887 3597 δίκαια
900 3531 1060 3631 πρέποντα
1078 3530 1110 3595 in
1129 3554 1217 3596 exer·

124 3617 199 3683 citio
221 3619 304 3706 aequi
321 3619 404 3706 juris
425 3619 513 3706 ἰιέριον
537 3623 619 3684 αὐτὸν
641 3618 788 3702 ηὐξημένον
808 3618 946 3684 honestis
960 3617 1081 3683 artibus
1097 3637 1147 3703 19,
1164 3636 1217 3685 22.

123 3705 165 3768 δεῖ
176 3709 290 3770 σκοπεῖν
307 3708 350 3769 ἀεί
370 3707 418 3769 καί
437 3705 569 3789 πρέπειν
584 3710 623 3769 roi
637 3705 743 3784 δίκαια,
763 3707 986 3814 συμπαρατηρεῖν
999 3704 1027 3767 δί
1041 3706 1076 3778 ὥς
1090 3701 1152 3785 ἅμα
1167 3702 1215 3766 καί

122 3790 302 3879 συμφέροντα
315 3791 395 3856 έσπαι
408 3798 501 3855 ταῦτα
517 3810 590 3872 204,
607 3811 656 3878 19.
691 3791 795 3868 ταύτην
808 3793 936 3855 ἀπανπεον
950 3798 1004 3853 τῶν
1015 3796 1109 3853 κακῶν
1122 3792 1216 3896 ἀρχῆε

123 3876 282 3959 νέρέσομεν,
295 3878 327 3941 ri
339 3881 378 3958 μη
393 3876 478 3942 θέλειν
491 3882 529 3942 τοὶ
542 3876 638 3942 δίκαια
651 3877 782 3964 πρέπειν
796 3878 871 3954 208,
889 3877 939 3941 16.
984 3877 1021 3937 τοί
1035 3872 1129 3938 δίκαια
1141 3899 1215 3937 παν·

121 3986 179 4042 πες,
201 3964 250 4025 ἰὰ
273 3962 322 4026 καί
345 3967 384 4044 μη
403 3963 571 4043 βούλωνται,
593 3964 681 4048 μέχρι
702 3970 751 4026 τοῦ
772 3988 809 4048 γε
830 3961 1012 4047 αἰσχύνονται
1032 3965 1071 4043 μη
1084 3959 1216 4044 πρέπειν

124 4047 199 4126 208,
217 4065 270 4111 10.
311 4049 359 4111 πδν
373 4049 467 4134 καιρδν
482 4049 589 4135 ἰσχύειν
603 4052 651 4112 καί
664 4046 727 4112 ιίνευ
744 4056 792 4111 τοῦ
810 4047 915 4112 δικαίου
928 4047 961 4111 τί
975 4045 1113 4133 συμφέρον
1126 4044 1216 4131 προίσ-

121 4157 178 4195 τειι
186 4133 437 4221 opportunitates
447 4148 624 4223 temporum
632 4133 752 4199 efficere
761 4133 876 4214 valere,
886 4147 935 4211 nt,
946 4131 1218 4219 quoderevestrn

122 4217 173 4327 sit,
195 4217 230 4326 id
253 4219 365 4306 agatis,
388 4220 508 4334 etiansi
528 4243 621 4308 aequo
644 4234 677 4284 et
695 4219 786 4308 justo
809 4233 964 4332 repugnet
987 4236 1062 4327 214,
1084 4219 1116 4282 6.
1146 4223 1215 4363 χῶν

121 4305 404 4470 δίάίιῖιδςωδυίέδδίῖδυ
412 4309 701 4478 ἱ’πρίνἰισιτσῖδύύίύ·ρύέῗύύί,
710 4320 1216 4476 ἱδνουῖἶίνᾶςαλίένδίέάίάᾚοτείνῗ

123 4478 186 4541 «tm
203 4494 277 4564 199,
290 4495 324 4559 4.
358 4475 449 4568 eya?
463 4476 497 4545 ἀν
510 4477 605 4544 δίκαια
619 4480 655 4542 σὺ
669 4482 768 4563 σαυτῷ
782 4479 858 4543 κατὰ
868 4477 966 4541 τούτου
979 4475 1076 4564 πάξης,
1088 4476 1127 4537 τά
1140 4474 1216 4537 αὐτοὶ

162 4582 291 4628 022‘1'1.
306 4584 386 4630 m.
547 4583 552 4590 ’
667 4584 690 4629 R
