2984 5000
243 288 305 366 ωε
666 374 671 381 ¹
716 282 873 348 1Nnnx

243 456 390 541 271,18.
434 452 573 543 εἰσάγειν]
588 455 641 518 οὐδ’
654 453 776 541 αἰσχιίνη
796 454 891 538 φθίνον
909 453 983 531 δίκην
1002 453 1138 540 είσάγιον.
1153 455 1217 518 scil.
1237 459 1342 531 είςτῆν

241 545 333 621 πάλιν,
354 555 410 606 aut
430 546 466 615 νίς
489 546 536 614 τὴν
559 544 667 626 ἀγορὰν
690 540 765 616 268,
783 559 816 625 3.
862 539 1051 626 είσίμχεσθαι]
1079 539 1205 623 οὐδεμίαν
1226 540 1341 604 πάντοτε

243 628 318 706 δίκην
334 631 399 714 πμδς
420 631 492 709 ὑμεῖς
514 627 682 706 εἰσήλθομεν,
704 625 760 689 οὔτ’
785 629 981 712 ίγκαλοῦντες,
1002 625 1056 688 οὔτ’
1074 626 1276 709 δγκαλοιίμενυι
1294 628 1341 708 ὑφ’

244 715 341 800 ίτέφαν
356 730 430 800 907,
445 716 477 776 6.
522 712 648 796 ἐκτίνειν]
666 715 714 789 τὴν
728 710 815 791 δίκην,
829 710 863 775 id
877 724 925 776 est
937 715 986 789 τὴν
1000 710 1162 790 καταδίκην,
1177 711 1342 789 mulctam,

244 800 357 878 ἐξένισα
382 819 476 883 1159,
495 818 525 883 3.
547 816 595 881 17.
640 798 768 895 ίεάγειν]
792 820 917 863 causam
939 796 1075 883 querelae
1096 798 1171 862 dare
1193 811 1341 880 277,11.

243 907 368 950 causam
383 885 537 948 forensem
556 883 588 946 in
610 882 746 969 aliquem
760 883 939 962 immittere,
956 881 1052 947 veluti
1066 906 1179 948 soevam
1193 883 1341 962 bestiam,

243 970 424 1035 necessitate
448 968 592 1055 litigandi
614 992 687 1033 eum
708 968 868 1056 implicare
864 989 964 1119 o(431,
981 968 1036 1033 ult
1081 971 1157 1055 ἔχειν
1175 969 1341 1047 dicuntur,

244 1057 361 1144 quibus
383 1055 574 1119 satisfactum
594 1055 657 1119 fuit
679 1078 810 1141 quoquo
832 1078 863 1118 tn
906 1079 935 1119 o.
962 1060 1010 1131 τὴν
1030 1056 1082 1136 μὲν
1101 1055 1145 1119 οὖν
1163 1056 1230 1139 ὑπὲρ
1247 1061 1344 1119 αὐτῶν

245 1142 320 1219 δίκην
335 1142 447 1227 ἔχουσιν
466 1143 495 1204 οῖ
509 1166 546 1225 γε
564 1141 716 1215 πεισθέντες
729 1159 805 1225 521,
824 1144 874 1205 16.
919 1140 1079 1225 λαγχάνειν
1092 1156 1168 1226 539,
1185 1160 1237 1226 23.
1262 1143 1343 1290 853,

248 1228 297 1291 18.
342 1227 510 1310 λαμβάνειν]
538 1227 652 1303 ἡπόλις
678 1225 753 1302 δίκην
774 1231 844 1305 αὐτὴ
858 1227 922 1311 παρ’
947 1232 1031 1301 αὐτῆς
1052 1228 1173 1303 λήθεται
1192 1246 1265 1302 110,
1281 1250 1301 1290 u
1315 1242 1341 1291 t.

244 1313 313 1401 ipsa
335 1336 399 1376 sese
417 1311 538 1398 puniet.
569 1317 617 1374 οὐκ
641 1313 676 1374 ἔνι
698 1318 731 1396 τῇ
751 1312 828 1375 πθλιι
852 1312 929 1391 δίκην
945 1310 1028 1387 άξίαν
1047 1315 1156 1390 λαβεῖν,
1177 1314 1230 1375 οὐδ’
1251 1315 1344 1397 ἔγγὺς

247 1418 322 1483 229,
342 1418 391 1465 12.
412 1400 488 1483 518,
507 1417 556 1464 20.
582 1417 676 1480 1300,
692 1398 721 1461 8.
767 1397 857 1477 ὄφλιιν
870 1398 984 1462 debere
998 1420 1116 1485 poenus,
1131 1398 1164 1461 h.
1176 1421 1206 1461 e.
1221 1420 1241 1461 a
1249 1397 1344 1484 judi·

246 1485 335 1549 cibus
352 1483 392 1548 od
414 1505 524 1583 poenas
538 1482 677 1547 dandum
692 1482 1002 1569 condeninuri1158‚
1021 1503 1069 1567 19.
1112 1488 1245 1547 ποιεῖσθαι
1265 1484 1346 1561 δίκην

246 1570 395 1636 dicuntur
414 1569 537 1657 Judioes
562 1567 712 1633 ultionem
737 1584 916 1634 exercentes
943 1570 1108 1646 1018,16.
1151 1573 1290 1632 συντελεῖν
1313 1571 1346 1632 δ.

247 1658 324 1720 κατά
337 1681 408 1730 τινος
428 1670 569 1738 277,14.
612 1656 750 1718 τελεῖσθαι
772 1657 931 1742 perficere,
945 1667 983 1718 ut
1004 1655 1071 1719 dies
1091 1668 1123 1719 et
1142 1655 1247 1720 forum
1270 1653 1346 1733 sibi,

246 1742 354 1819 actori,
369 1743 518 1805 adversus
532 1762 620 1805 reum
630 1763 650 1804 α
660 1740 769 1826 judice
779 1740 884 1806 detur.
911 1742 976 1824 πρδς
987 1742 1014 1813 δί
1026 1744 1087 1815 τοὺς
1099 1745 1130 1818 ἐξ
1141 1740 1247 1804 ίκείναν
1256 1745 1346 1821 ἡμᾶς,

245 1829 305 1912 περὶ
322 1826 358 1891 ὧν
372 1828 469 1900 αὐτοὺς
484 1827 621 1907 ἀφήκατε,
636 1831 754 1912 εἰκοστῷ
768 1834 812 1889 νῦν
832 1827 884 1891 ίτει
904 1828 979 1903 δίκην
1000 1828 1157 1890 τελίσαισθ
1173 1830 1248 1908 ὑμεῖς
1262 1845 1344 1909 990,

249 1931 277 1978 2.
305 1914 418 1999 ὑπέχειν
432 1911 517 1996 λίγον
532 1914 579 1975 καῖ
594 1910 668 1988 δίκην
682 1921 737 1977 τῶν
750 1913 951 1996 πεπραγμένων
964 1928 1040 1996 371,
1059 1933 1107 1996 19.
1130 1913 1205 1996 645,
1219 1929 1271 1993 27.
1301 1917 1345 1993 μὴ

245 1999 625 2161 {tittt‘tit‘tt't‘
646 1997 1011 2169 ‘iii‘''ui‘’‘1’'i5{⁸⁵3’⁶i7
1031 1997 1347 2164 fi‘ttdffllffl'

719 2131 730 2162 ν
897 2131 907 2161 ν
947 2132 955 2147 ·
1017 2129 1064 2146 ·-
1333 2131 1345 2146 ·

246 2174 294 2246 τὴν
309 2170 422 2249 ζημίαν)
437 2174 464 2231 is
479 2170 573 2233 ἕνδεκα
587 2106 699 2253 iiiia&
715 2173 790 2250 μετὰ
808 2175 856 2248 τὴν
874 2171 950 2246 δίκην
965 2170 1022 2232 AE.
1037 2189 1070 2254 3,
1088 2184 1138 2253 17.
1182 2168 1347 2252 λαγχάνειν

246 2256 298 2318 τινί
313 2253 398 2331 δίκην,
414 2255 517 2320 dicere
531 2255 625 2333 diem,
639 2254 801 2319 instituere
819 2254 970 2319 actionem
990 2254 1139 2318 adversus
1156 2253 1294 2340 aliquem
1308 2277 1347 2331 9,

248 2359 298 2420 24.
343 2342 433 2417 λήξεις
452 2345 533 2404 δικῶν
553 2342 700 2417 δποιῆσατο
715 2361 746 2425 9,
764 2360 782 2405 2
806 2389 814 2404 .
859 2342 983 2404 διάλυσιν
1000 2346 1049 2416 τῆς
1062 2341 1136 2415 δίκης
1150 2340 1273 2425 sipiritu
1292 2359 1349 2420 10,

247 2441 281 2510 5.
316 2430 448 2511 ἐγκαλεῖν
469 2428 521 2491 τινί
541 2424 628 2506 δίκην,
646 2427 702 2514 jus
715 2426 757 2490 ab
770 2361 877 2514 iiiiquo
891 2440 1007 2515 petere,
1022 2425 1139 2490 eumin
1150 2426 1205 2512 jus
1219 2448 1347 2506 vocare,

248 2511 325 2576 ibid.
363 2518 389 2575 ἐν
407 2518 469 2587 ταῖς
489 2517 610 2594 φονικαῖς
629 2515 717 2587 δίκαις
732 2514 775 2576 ἐπὶ
792 2514 952 2599 Παλλαδίῳ
965 2534 1019 2599 39,
1033 2529 1088 2599 35.
1121 2513 1349 2586 δεκαταλάντους

247 2595 326 2671 δίκας
341 2600 499 2683 λαγχάνων
512 2618 567 2678 41,
586 2618 636 2683 13.
669 2600 750 2663 δικῶν
764 2599 836 2676 ἧττα
850 2602 904 2683 69,
921 2602 970 2663 16.
1007 2600 1150 2677 ίπιτῆδειος
1165 2598 1239 2673 δίκην
1252 2602 1347 2661 δοῦναι

249 2682 301 2760 86,
315 2685 487 2768 33.;δίκην
501 2683 580 2747 σίτου
594 2684 610 2760 ἢ
624 2690 671 2759 τῆς
684 2685 793 2769 πμοικδς
807 2686 964 2764 δικάζεσθαι
981 2686 1012 2749 Ι.
1027 2685 1082 2769 38,
1095 2685 1148 2771 38.
1180 2683 1267 2767 μάτων
1281 2685 1350 2747 τεά-

248 2793 302 2830 τανν
316 2776 371 2831 τῶν
386 2771 467 2833 δικῶν
479 2770 624 2832 ἀκινδύνων
641 2772 698 2843 τοῖς
713 2770 856 2833 διάκαυσιν
871 2774 957 2833 οὐσῶν
970 2789 1025 2851 42,
1041 2770 1094 2835 28.
1112 2768 1190 2850 (scil.
1206 2767 1246 2833 de
1260 2768 1351 2833 mala

248 2868 414 2939 parentum
430 2855 638 2938 tractatione.)
650 2858 700 2917 οὐκ
714 2854 748 2918 αἲν
761 2854 833 2929 ἰδίας
843 2855 923 2938 μόνον
938 2855 1016 2930 δίκας
1030 2857 1129 2940 ἔφυγεν
1143 2861 1157 2919 θ
1171 2855 1347 2937 βιαζόμενος,

247 2943 327 3002 ἄλλα
343 2942 390 3002 καὶ
406 2941 525 3027 δημοσίᾳ
539 2942 732 3024 εἰσαγγελθεὶς
753 2941 931 3005 ίκινδάνενσιν
950 2939 984 3005 atr
1000 2945 1060 3027 περὶ
1080 2948 1129 3005 τοῦ
1149 2940 1280 3022 σώματος
1295 2943 1348 3003 καδ

248 3031 294 3100 τῆς
311 3024 406 3099 οὐσίας
420 3028 530 3102 ἁπάσης
544 3047 600 3107 44,
620 3029 670 3090 16.
714 3029 795 3090 δικῶν
809 3031 906 3105 οὐσῶν,
921 3027 1065 3114 quamvis
1078 3026 1149 3091 fors
1166 3047 1350 3091 exerceren-

249 3125 313 3187 tur,
327 3123 358 3173 et
368 3113 444 3197 jura
458 3110 663 3177 redderentur
681 3112 861 3198 petentibus
874 3132 929 3198 51,
944 3133 978 3193 4.
1022 3114 1073 3211 πφδ
1088 3113 1162 3186 δίκης
1175 3125 1347 3199 antequsm

248 3195 316 3260 haec
336 3219 430 3260 causa
450 3196 490 3261 ad
508 3196 632 3283 judices
653 3197 757 3262 delata
781 3197 822 3263 de
843 3221 944 3307 eaque
964 3197 1102 3286 legitime
1123 3197 1290 3285 quoesitum
1312 3211 1350 3262 et

248 3281 407 3369 cognitum
424 3298 504 3347 esset
517 3300 573 3383 51,
588 3301 637 3366 27.
681 3284 752 3364 μήτε
770 3287 837 3369 πμδς
856 3288 916 3365 δμε,
938 3287 1008 3366 μήτε
1027 3286 1091 3349 κατ’
1107 3289 1173 3365 δμοῦ
1187 3283 1262 3360 δίκην
1276 3283 1352 3347 είνιί

249 3385 325 3444 φησι.
349 3369 494 3454 negotiu
513 3392 587 3455 Jure
608 3391 731 3433 mecum
754 3392 847 3457 ogere
867 3369 970 3447 licere,
984 3393 1086 3456 neque
1100 3392 1140 3435 ex
1155 3367 1351 3456 tituiopuris

243 3452 336 3539 juris,
351 3477 453 3540 neque
472 3477 512 3518 ex
530 3454 623 3519 titulo
643 3454 751 3519 damni
771 3456 889 3543 accepti
909 3456 963 3539 87,
981 3475 1030 3522 22.
1075 3457 1164 3541 τούτῳ
1178 3457 1207 3518 δδ
1220 3455 1350 3541 λαγχά-

248 3564 284 3602 νει
307 3540 381 3615 δίκην
407 3546 454 3616 τῆς
483 3542 655 3625 άπορμησεως
683 3543 752 3626 [24,
778 3542 1023 3630 37.]=justitia,
1043 3542 1098 3627 jus
1125 3562 1263 3627 oequum.
1307 3539 1348 3624 b)

248 3647 352 3701 causa,
369 3625 416 3702 lis,
430 3625 638 3690 controversia
652 3626 794 3704 sorensis,
805 3627 846 3693 de
859 3650 922 3714 qua
931 3627 1093 3714 judicibus
1107 3625 1349 3712 disceptandum

247 3714 304 3774 est.
328 3712 450 3793 εἰσάγειν
461 3711 536 3788 δίκην
551 3715 594 3776 A.
614 3713 685 3792 146,
699 3715 747 3776 16.
761 3730 809 3795 17.
834 3714 1010 3801 παραδιδόναι
1025 3712 1100 3789 δίκην
1114 3713 1193 3790 φάνεν
1209 3714 1279 3793 146,
1296 3732 1349 3796 19.

249 3799 281 3874 c)
297 3797 449 3861 sententia
465 3797 610 3883 judicum
624 3796 665 3861 de
679 3799 889 3863 controversia
901 3798 1031 3864 ferenda
1044 3822 1098 3862 seu
1117 3797 1190 3862 latu.
1233 3799 1349 3880 ἀνάγκη

247 3887 296 3954 τῆς
306 3880 380 3958 δίκης
395 3884 530 3946 νικᾶσθαι.
553 3883 788 3949 concedendum
799 3898 831 3948 et
842 3885 1014 3972 putendum
1030 3897 1077 3949 est
1087 3883 1248 3949 sententiae
1260 3906 1280 3946 ιι
1290 3884 1350 3970 ju·

247 3965 369 4030 dicibus
384 3965 465 4046 latae,
480 3974 558 4055 παρὰ
580 3971 612 4032 πδ
637 3970 734 4044 ἀληθὲς
756 3970 876 4034 etiamsi
898 3971 1006 4057 iniqua
1025 3985 1058 4036 et
1077 3969 1200 4034 veritati
1216 3968 1353 4034 adversa

248 4051 344 4116 suerit
362 4072 434 4137 139,
445 4074 500 4133 40.
524 4059 573 4119 οθκ
589 4055 650 4139 ἔχει
663 4056 755 4132 τέλος,
770 4058 838 4120 ἀλλ’
853 4060 879 4119 ἓν
893 4061 956 4138 ὑμῖν
971 4057 1031 4120 ἐστὶ
1046 4058 1094 4119 καί
1109 4054 1214 4143 τῇδίνιη
1229 4074 1303 4136 140,
1313 4075 1350 4135 4.

248 4143 264 4214 ἡ
279 4136 338 4213 δίκη
353 4141 524 4222 ἰσχυροτέρα
538 4147 586 4203 τοῦ
600 4138 706 4204 δικαίου
726 4144 775 4204 καῖ
791 4149 840 4205 τοῦ
853 4144 969 4219 ἀληθοῦς
989 4162 1059 4223 141,
1075 4161 1129 4227 31.
1171 4144 1297 4228 χρῆσθαι
1315 4147 1352 4226 τῇ

249 4222 309 4308 δίκη
325 4225 372 4285 καί
384 4229 425 4308 τῷ
438 4224 520 4306 νόμῳ.
544 4249 609 4290 esse
621 4225 653 4288 in
668 4227 853 4291 auctoritate
863 4228 1020 4312 judicum,
1032 4250 1141 4313 parere
1154 4225 1258 4292 edicto
1270 4224 1354 4313 legis

251 4327 324 4388 141,
339 4326 394 4394 32.
410 4328 462 4387 42.
484 4308 522 4392 d)
533 4312 751 4389 Desunumen.
782 4313 842 4388 δίκη
858 4315 886 4376 δὲ
898 4316 1085 4398 κυβερνήσειν
1099 4332 1171 4398 113,
1182 4333 1218 4397 3.
1237 4316 1271 4395 e)
1283 4335 1353 4376 ma·

247 4391 408 4478 gistmtus,
425 4395 481 4458 XI
494 4394 553 4459 vin'
571 4413 643 4473 112,
658 4417 710 4483 33.
748 4398 780 4482 f)
797 4397 977 4478 satisfactio,
991 4399 1094 4478 Initio,
1106 4420 1211 4487 poena.
1235 4398 1352 4484 ίχιντίς

246 4503 283 4562 γε
295 4481 343 4557 τὴν
357 4480 432 4557 δίκην
442 4487 492 4543 τοῦ
506 4482 604 4564 φονίας
620 4501 692 4564 124,
707 4499 762 4568 45.
806 4483 889 4564 ἀξίαν
900 4486 975 4564 δίκην
986 4491 1037 4549 τοῦ
1050 4486 1151 4560 πάθους
1162 4489 1205 4569 τῷ
1217 4489 1352 4570 imm
