2984 5000
391 250 396 257 ’
512 263 832 330 (1110111111.
1179 282 1219 353 97
1333 282 1346 298 -

114 446 204 522 gan,
217 448 322 521 nsque
335 432 448 513 diluta,
462 432 527 499 sive
541 433 635 500 titulo
648 435 813 523 peculatus
827 438 904 516 ἀφείς
917 439 949 501 τδ
962 442 1001 501 τά
1013 438 1109 526 χωρία
1124 441 1222 521 δημεά.

114 544 154 581 ειν
167 519 218 583 καί
233 524 285 594 τάς
298 518 399 598 οίιιίας,
414 521 462 584 καὶ
476 523 557 584 ταῦτ’
572 522 745 610 ἀπογράφειν
759 526 834 607 609,
850 546 923 611 pen.
941 539 1015 608 752,
1031 545 1062 608 7.
1093 528 1221 612 ἀπεγρά-

116 606 197 682 ψατο
210 609 304 669 ταῦτα
319 631 341 669 π
360 608 385 680 ’ς
400 607 573 692 Θηριππίδην
626 634 693 672 οντα
708 612 804 673 tamo
818 608 872 673 illa
886 632 919 673 se
932 609 1048 675 babere
1066 625 1162 699 utque
1176 625 1222 677 te-

113 713 191 754 nere
211 631 392 757 declarabit
411 690 599 773 testimonio,
614 717 680 780 quo
694 716 770 782 erga
783 694 1012 784 Therippidem
1029 697 1099 784 (qui
1117 697 1150 762 id
1165 721 1222 786 po·
1280 764 1285 771 ,

113 775 297 856 titulaverat,
311 791 344 843 et
357 801 424 865 quo
437 777 465 842 is
477 777 557 843 illud
577 779 789 846 testimonium
809 804 904 869 penes
922 805 956 846 se
974 788 1126 869 servaret)
1140 784 1222 849 fate·

112 862 210 927 batttr
232 862 294 929 ista
316 864 400 929 bona
422 886 517 951 penes
540 887 574 929 se
595 888 673 945 esse,
693 865 791 953 idque
814 866 1024 932 testimonium
1047 870 1179 934 curabat
1201 894 1221 935 a

113 949 216 1014 scriba
229 949 359 1038 publico
372 951 412 1015 sd
427 965 498 1017 acta
510 951 619 1016 referri
635 952 710 1034 817,
724 975 795 1040 pen.
841 967 873 1018 et
887 952 921 1029 in
933 954 1036 1019 activo
1056 957 1137 1030 αὐτὸς
1158 963 1221 1020 δαυ-

111 1037 160 1098 τδν
174 1034 253 1122 ἔχειν
266 1040 315 1115 τὴν
328 1040 430 1124 προῖκα
443 1038 617 1123 ἀπογράψας
631 1063 653 1100 π
669 1039 696 1112 δς
710 1041 771 1113 τοίις
783 1042 989 1125 συνεπιτρόπους
1003 1040 1078 1118 818,
1094 1061 1143 1125 19.
1170 1046 1220 1121 την

112 1125 217 1208 προῖκα
233 1126 333 1202 λαβεῖν
347 1120 564 1209 ὁμολογήσαντα
577 1123 628 1187 καί
681 1149 718 1186 ιιι
732 1127 816 1187 αὐτὸν
829 1126 895 1209 πρὸς
910 1126 972 1200 τοὺς
983 1127 1140 1210 ίπιτράπους
1151 1131 1221 1191 ἀπο-

113 1207 361 1293 γράψαντα818,
374 1229 425 1295 15.
448 1209 575 1274 videtur
589 1209 649 1275 hoc
663 1208 830 1274 discrimen
844 1210 1002 1290 interesse,
1018 1226 1055 1276 ut
1068 1211 1101 1275 in
1116 1213 1219 1277 activo

112 1315 188 1357 cum
203 1293 277 1380 quis
291 1293 407 1359 dicitnr
421 1296 603 1394 ἀπογράψαι,
619 1294 812 1382 significetur
833 1296 843 1359 i
867 1321 900 1362 se
922 1319 980 1361 sus
1001 1320 1097 1362 manu
1119 1298 1219 1386 scrip·

113 1378 201 1458 sisse,
216 1403 291 1444 cum
306 1380 338 1445 in
354 1380 468 1460 medio,
484 1404 508 1445 si
554 1380 686 1460 beetur,
701 1381 735 1446 id
750 1405 823 1448 eum
838 1320 905 1447 deri
919 1406 1044 1453 curasse
1057 1406 1114 1470 per
1129 1385 1220 1450 tabu-

112 1463 241 1529 larium.
267 1469 323 1531 δδὲ
339 1469 386 1530 καί
399 1468 615 1555 προσοφειλοντά
628 1494 665 1550 με
680 1467 834 1553 ἀπέγραψε
844 1469 876 1533 in
891 1470 1027 1535 rationes
1041 1486 1139 1555 gestae
1152 1494 1172 1535 a
1187 1494 1220 1535 se

113 1550 225 1617 tuteloe
245 1554 306 1617 mei
328 1576 533 1641 meorumque
547 1553 702 1619 bonorum
719 1554 828 1621 retulit
847 1578 960 1620 nomen
976 1578 1093 1635 meum,
1109 1572 1146 1621 ut
1160 1555 1218 1622 sibi

113 1636 261 1703 debentis
280 1639 299 1703 8
324 1656 354 1718 1,
373 1660 422 1721 14
466 1646 514 1716 της
536 1639 630 1715 οὐσίας
649 1640 859 1726 ἀπογραφείσης
879 1643 927 1705 καί
947 1643 1130 1724 δημευθείσης.
1144 1666 1216 1707 cum

113 1723 217 1789 scribo
229 1660 378 1813 pubicus
392 1724 525 1790 indicem
540 1725 695 1791 bonorum
712 1727 782 1813 ejus
798 1727 980 1793 confecisset
992 1729 1098 1811 (mode
1108 1751 1155 1792 -οινι
1170 1731 1221 1793 in-

112 1820 251 1897 ventor-gs
258 1812 465 1899 qf)stq11ein
475 1810 598 1877 tabulas
606 1810 773 1891 retulisset,
785 1836 887 1901 eoque
896 1814 980 1879 facto
990 1813 1045 1878 ills
1055 1814 1138 1879 bona
1147 1838 1220 1880 con·

112 1896 234 1976 fiscum,
246 1910 279 1962 et
289 1897 331 1961 ad
341 1897 506 1964 sectionem
519 1897 693 1985 proscripta
699 1896 832 1965 fuissent
846 1920 940 1999 1015,
953 1920 986 1985 9.
1008 1901 1220 1986 ἀπεγραψάμην

112 1985 179 2070 πρδς
193 1985 257 2059 τοὺς
272 2009 310 2046 στ
346 1985 448 2069 πηγοὺς
460 1984 563 2061 ταύτην
577 1988 626 2063 τὴν
640 1986 815 2069 ἀπογραφήν.
848 1985 977 2051 exhibui
992 1985 1146 2073 strategiS‚
1163 2002 1219 2052 sut

112 2091 224 2134 sorum
239 2084 273 2134 ta
324 2068 412 2148 lario,
422 2070 463 2135 ad
473 2069 597 2135 tabulas
606 2070 806 2135 referendum
816 2070 948 2137 indicem
958 2072 1043 2136 hunc
1052 2072 1218 2150 bonorum,

112 2178 254 2241 qnorum
268 2156 461 2244 possessione
474 2155 672 2244 Phoenippns
685 2179 735 2220 me
750 2180 808 2245 per
821 2156 994 2222 ludibrium
1009 2157 1172 2222 exclusum
1184 2158 1218 2223 it.

115 2260 216 2327 1043,
231 2264 306 2339 pen.
342 2248 423 2306 τοῦτο
436 2242 468 2305 τδ
483 2240 582 2328 ὄχημα
596 2244 781 2329 ἀπογέγραφέ
794 2269 853 2326 μοι.
897 2243 929 2307 in
944 2242 1047 2308 indice
1063 2244 1218 2309 bonorum

111 2350 133 2391 a
147 2350 182 2391 se
196 2326 276 2392 mrhi
291 2326 479 2393 traditorum
493 2327 587 2393 etism
602 2327 795 2408 vehiculum,
810 2329 865 2394 vel.
874 2330 1057 2395 corruebam
1077 2329 1219 2395 nomina·

112 2411 171 2487 vit,
186 2413 279 2501 quasi
295 2435 444 2503 magnum
459 2428 491 2478 ct
506 2414 620 2479 summi
634 2414 813 2480 faciendum
828 2416 948 2480 bonum
963 2415 1006 2481 sic
1027 2415 1105 2480 mibi
1125 2416 1220 2481 tradi-

112 2497 213 2565 disset
230 2503 326 2583 1046,
346 2521 396 2584 14.
433 2504 483 2565 οάκ
497 2503 654 2588 ἀπογράφει
669 2507 718 2581 την
732 2507 833 2590 προῖκα
849 2503 933 2589 χρέος
945 2507 1027 2590 αάτῇ.
1069 2503 1102 2567 in
1117 2503 1220 2569 indice
1282 2525 1285 2532 ·

112 2588 272 2652 bonorum
288 2610 308 2651 s
321 2586 443 2652 semihi
457 2587 645 2653 traditorum
666 2611 728 2653 non
750 2588 1005 2654 commemoravit
1026 2588 1132 2654 dotem
1154 2612 1220 2655 ms-

113 2670 182 2752 tris,
199 2685 238 2737 nt
252 2672 357 2738 adbuc
371 2696 392 2738 a
405 2697 438 2739 se
451 2673 544 2738 matri
558 2669 708 2752 debitam,
723 2698 782 2762 pro
796 2698 861 2763 qus
874 2698 948 2762 pars
962 2676 1116 2741 bonorum
1130 2673 1159 2740 ci
1174 2699 1220 2741 es-

113 2773 162 2822 set
176 2757 386 2846 oppignerata
398 2775 492 2844 1047,
511 2780 561 2825 11.
605 2761 644 2836 οίς
657 2760 734 2837 οδτος
747 2761 947 2848 ἀπογέγραφεν
960 2764 1055 2826 ἑαυτὸν
1075 2759 1220 2841 ὀφείλοντα

116 2845 216 2926 1048,
228 2863 263 2931 5.
307 2846 503 2933 ἀπογράφεται
518 2852 614 2911 τοῦτον
632 2874 666 2934 τη
689 2849 733 2911 δια
794 2848 875 2933 πυρίη
895 2851 960 2932 πρὸς
981 2853 1022 2933 τῷ
1044 2845 1161 2945 ἄρχοντι
1183 2852 1219 2923 ἀς

113 2932 169 2994 vib
183 2929 253 2996 ὄντα
263 2929 298 2995 in
313 2931 526 3020 diamarty'ria,
541 2955 596 2998 seu
610 2946 750 3020 protests
774 2955 833 2997 one
851 2955 910 2998 sua
928 2947 1116 3021 exceptoria,
1131 2934 1218 3021 apud

112 3015 299 3083 anebontem
321 3017 470 3098 exhibita,
499 3018 599 3108 filium
628 3042 721 3085 suum
751 3018 932 3108 appellavit,
955 3042 1010 3083 seu
1033 3020 1176 3083 annotari
1200 3043 1219 3084 a

113 3103 218 3168 scriba
235 3104 357 3170 curarit
376 3104 478 3170 filium
499 3127 593 3170 suum
614 3128 673 3192 pro
695 3106 760 3170 filio
779 3105 948 3170 Arcbiadis
972 3125 1115 3191 1093,1.
1160 3107 1218 3169 οὐδὲ

114 3190 294 3254 διαδικασίαν
317 3192 508 3277 ἀπεγράψατο
535 3193 601 3278 πρὸς
622 3193 717 3257 οὐδένα
738 3191 870 3257 neminis
890 3214 1004 3255 nomen
1026 3191 1156 3256 curabat
1177 3191 1218 3256 ab

113 3276 258 3341 actuario
271 3276 312 3341 ad
327 3291 398 3343 acta
410 3277 530 3356 referri,
547 3291 583 3342 ut
597 3278 677 3365 ejus,
692 3292 802 3344 contra
815 3300 910 3429 (picem
925 3302 958 3343 se
972 3277 1172 3381 profiteretur
1178 3276 1217 3379 ’in
1343 3309 1345 3312 ·

109 3361 186 3447 jure
200 3376 347 3428 acturum
368 3380 461 3445 1147,
480 3384 528 3449 19.
555 3366 637 3445 1148
668 3365 785 3450 17.18.
881 3373 947 3452 put
967 3386 1003 3427 ιιι
1024 3364 1222 3449 nojndicuzl

108 3449 289 3536 ‘moneatur
368 3451 434 3515 inst
445 3472 512 3537 αιογ
523 3470 639 3527 0111,οε
654 3472 676 3514 α
683 3471 804 3538 person
819 3450 886 3515 ιοέιο
899 3450 964 3513 bad
978 3448 1123 3513 roitblteld
1136 3449 1219 3512 τοΙιοι

114 3556 181 3599 ms
193 3535 257 3599 due
271 3545 303 3600 to
330 3537 391 3624 int.
428 3536 575 3619 ὑπόμνημα
588 3538 616 3600 δδ
630 3536 821 3622 ἀπεγράψατο
837 3535 1007 3601 mandabat
1022 3533 1219 3598 numularius

114 3622 396 3701 oomnmntariensi
412 3634 450 3686 ut
469 3620 510 3686 nd
532 3644 647 3688 nomen
668 3621 818 3687 debitoris
839 3636 871 3687 et
893 3643 1046 3686 summam
1069 3619 1217 3684 creditam

113 3705 307 3772 adscriberet
320 3707 401 3774 banc
420 3707 664 3786 annotationem,
679 3707 776 3781 veluti
798 3707 957 3796 quandam
978 3704 1217 3794 appendiculam

117 3812 214 3879 1193,
230 3813 265 3879 3.
309 3798 347 3857 τά
368 3795 433 3879 τρία
453 3794 534 3882 μίρη,
556 3793 710 3859 bonorum
733 3793 797 3859 scil.
812 3790 1090 3882 publicatorum&
1111 3796 1143 3855 έιι
1164 3800 1219 3856 τῶν

114 3879 204 3962 νέμων
216 3885 259 3966 τῷ
273 3880 364 3966 uste,
378 3887 419 3966 τῷ
433 3880 634 3966 ἀπογράψαντι
649 3880 792 3966 γίγνιται,
807 3881 906 3962 ἀφίημι
925 3896 1021 3963 1147,
1038 3898 1067 3941 1.
1103 3882 1142 3942 τά
1155 3878 1219 3942 ποιέ-

114 3991 168 4028 ταν
183 3964 210 4028 εί
224 3991 268 4043 τις
287 3965 466 4051 ἀπέγραψεν,
479 3970 666 4049 ἀμφισβητεῖν
691 3985 728 4030 12
730 3982 786 4051 55,
805 3985 857 4034 11.
900 3964 937 4051 b)
953 3964 1163 4050 ἀπογράφεσθαι
1185 3963 1218 4026 in

114 4050 252 4136 passivo,
267 4051 408 4142 expungi
422 4075 440 4116 e
455 4050 581 4129 tabulis,
597 4063 635 4116 ut
649 4051 685 4116 fit
699 4051 808 4117 debito
817 4051 921 4116 diluto
930 4054 969 4114 τά
982 4050 1035 4132 μὶν
1049 4051 1094 4113 δίο
1109 4053 1136 4112 ὃν
1150 4053 1220 4113 ἀπο-

225 4136 920 4289 ιιιοιαυιιιυνον
936 4135 1077 4286 cn

116 4269 297 4393 dedit'791,
314 4328 365 4391 14.
403 4313 435 4395 0)
451 4308 643 4397 proscribere
655 4309 697 4374 ad
712 4246 846 4375 linsmgrir.
889 4245 1166 4394 ἐγγιγραμμένοάδὲ
1178 4311 1220 4391 τῷ

116 4395 250 4482 walp,
261 4396 413 4483 quonism
424 4419 509 4475 vcro,
519 4412 557 4461 ut
570 4395 711 4476 aerarius,
720 4395 836 4462 tabulis
849 4394 949 4460 oerarii
959 4393 1127 4480 inscriptus
1141 4408 1219 4466 erat,

118 4482 367 4565 ἀπογραφήσεσθαι
378 4481 494 4566 έμιλλεν
503 4489 519 4563 ἡ
529 4482 697 4571 ὑπάρχουσα
708 4481 791 4547 οὐσία
798 4480 1001 4566 Ἀπολλοδώρῳ
1012 4482 1131 4560 δημοσία
1141 4478 1219 4544 εἶναι.

161 4587 283 4634 uam.
298 4590 378 4633 nnn.
655 4590 679 4632 11
