2984 5000
491 283 803 349 cnmclrnrls.
1155 304 1194 371 31

102 459 173 523 item
196 478 232 520 se
252 455 499 532 accommodare,
513 453 669 520 inservire.
708 459 721 518 θ
742 456 902 541 στρατηγὸς
924 459 1067 521 ἀκολουθεῖ
1086 456 1201 521 milites

103 542 244 629 sequitur
257 540 439 627 imperator,
454 541 485 603 h.
501 564 527 606 e.
542 540 636 605 estin
651 561 761 604 eorum
778 554 940 626 potestate.
978 545 1027 604 ούκ
1042 542 1200 605 ἀκολουθεῖν

103 632 141 692 δεῖ
153 632 209 702 τοῖς
224 628 380 710 πράγμασι
394 628 455 701 τοὺς
469 628 549 712 θρθύνς
563 631 603 710 τῷ
616 624 730 710 τολέμορ
744 624 944 735 χρησομένους,
956 640 1017 689 αλλ
1038 652 1136 701 αυτους
1151 626 1199 707 έμ-

89 715 216 799 ,τροσθεν
230 712 297 775 είναι
312 719 367 774 τῶν
380 711 556 797 πραγμάτων
570 729 625 793 51,
643 730 694 790 14.
721 715 743 772 εί
758 737 813 801 αρα
828 712 869 773 δεῖ
880 712 978 796 ἑτέροις
992 716 1119 797 αἰσχρῶς
1134 712 1200 774 ἀκο.

104 801 265 870 λανθοῦντας
281 813 356 873 220,
376 815 410 860 11
419 844 426 859 .
464 798 621 859 ἀκολουθεῖν
639 798 773 876 (mecum
788 795 846 878 ire)
862 797 927 882 πρὸς
942 798 1004 870 τοὺς
1025 797 1202 870 ἀποστολέας

104 885 150 947 καί
163 888 214 959 τὴν
229 884 333 963 βουλὴν
350 900 444 966 1150,
462 900 513 944 11.
542 881 699 944 ἀκολουθεῖν
714 885 763 944 οὐκ
778 881 869 958 ἤθελον
884 886 920 955 είς
930 886 978 959 τὴν
987 885 1090 960 βουλὴν
1105 900 1199 966 1254,

107 970 155 1033 18.
197 971 249 1030 ἀκ.
274 968 317 1029 tat
339 971 388 1043 τὴν
409 967 548 1050 τράπεζαν
570 988 621 1029 mc
645 965 785 1029 comitari
808 965 849 1030 ad
873 988 1009 1030 mensam
1033 965 1200 1030 numularii

107 1073 202 1138 1154,
219 1070 270 1135 27.
307 1050 451 1116 incedere
464 1051 496 1114 in
511 1050 636 1136 agmine
650 1050 814 1138 exsequias
828 1050 982 1128 euntium,
997 1051 1136 1116 comitari
1151 1051 1202 1115 fu-

103 1161 174 1203 nus.
211 1140 262 1200 ἀκ.
285 1138 328 1199 tet
350 1135 383 1199 τά
405 1142 501 1218 μνῆμα
524 1137 650 1221 308,3.
676 1155 770 1219 1071,
788 1156 839 1202 22.
875 1138 937 1210 τοὺς
960 1137 1012 1213 έξιο
1034 1138 1202 1218 τοῦγένους
1274 1202 1282 1209 ,

103 1227 167 1309 πρὸς
181 1227 229 1287 τὸν
244 1223 330 1304 τάφον
344 1221 559 1299 ἠκολουθηκότας
577 1240 670 1307 1392,
683 1221 740 1286 ult.
773 1227 835 1295 ταῖς
850 1221 961 1299 ὀξύτησι
977 1224 1024 1285 καί
1037 1226 1139 1306 καιροῖς
1153 1228 1202 1285 τοῦ

104 1308 229 1390 πολέμου
254 1310 305 1370 ἀκ.
328 1308 470 1391 730,18.
507 1310 564 1380 τοῖς
591 1311 738 1391 λογισμοῖς
763 1308 809 1369 καί
834 1311 889 1381 τοῖς
915 1309 1073 1393 ύτάρχοοσν
1099 1311 1202 1392 καιροῖς

106 1396 181 1479 805,
199 1413 250 1477 25.
287 1394 361 1474 μετά
376 1392 460 1475 τινος]
478 1394 528 1454 ἀκ.
542 1393 600 1472 μεθ’
616 1398 713 1454 ἑαυτοῦ
731 1394 849 1477 γράψας
869 1393 930 1466 τοὺς
949 1392 1052 1455 ένδεκα.
1097 1413 1201 1455 secum

105 1480 150 1544 ire
166 1479 234 1543 XI.
258 1478 342 1541 viros
365 1477 511 1558 608,14.
549 1479 623 1558 μετὰ
639 1480 772 1541 Σωτάδου
794 1484 843 1540 τοῦ
869 1478 976 1565 Κρητὸς
990 1476 1205 1541 circumcursi-

106 1580 176 1629 tsns
190 1585 263 1629 cum
281 1561 407 1640 Sotade,
422 1583 551 1649 quaque
564 1558 591 1625 is
604 1561 673 1640 iret,
689 1584 762 1626 eum
776 1561 928 1627 comitans
949 1563 1042 1646 1382,
1059 1563 1203 1627 8.=0iuo-

106 1652 209 1714 λοοθιῐν
223 1654 261 1722 είς
274 1651 307 1710 τὸ
322 1648 503 1733 δεσμωτήριον
519 1648 573 1711 AE.
590 1665 621 1730 7,
639 1647 873 1711 2.εάκολουθεῖν
887 1647 1027 1712 comitari
1043 1649 1072 1712 Ῑ.
1083 1649 1135 1726 60,
1150 1662 1203 1732 23.

111 1734 288 1812 εῆκολούθει
299 1738 347 1807 τῆς
359 1731 454 1807 θυσίας
469 1732 559 1795 ἕνεκα.
573 1733 795 1820 accompanied
805 1735 849 1796 A.
865 1751 937 1819 113,
953 1735 1142 1817 15.;ἀξιῶν,
1154 1737 1203 1796 ούκ

107 1819 189 1894 sciris
203 1823 261 1892 τοῖς
280 1818 379 1900 νύμοις,
394 1819 461 1880 ἀλλ’
479 1822 550 1898 ύμάς
568 1821 624 1892 τοῖς
646 1824 744 1881 iamsi
766 1817 873 1901 τρίτοις
895 1820 1052 1881 ἀκολουθεῖν
1074 1821 1132 1882 An.
1148 1837 1203 1902 31,

108 1905 364 1991 35.=eixc>.ouiriv
378 1905 418 1964 ἔτ’
436 1906 552 1986 έκφοράν
566 1902 607 1966 L.
623 1922 676 1987 92,
694 1922 744 1983 24.
781 1907 855 1983 ρειτά
875 1922 946 1987 193,
965 1903 1016 1967 18.
1037 1902 1124 1990 quod
1139 1905 1205 1966 At·

109 1990 218 2055 ticistoe
232 1988 383 2053 damnant
398 2009 430 2051 v,
447 1986 620 2074 Phrynich.
636 1990 751 2053 TAYL.
780 1991 826 2051 riv
840 1991 925 2051 παῖδα
939 1990 985 2051 τὸν
1004 1989 1205 2053 ἀκολουθοῦντα

108 2078 168 2155 μετ’
184 2078 253 2156 iperi
272 2073 313 2137 fr.
334 2074 583 2137 10.εοὶκολουθεῖν
603 2074 677 2154 μετά
698 2098 780 2148 τινος,
803 2072 848 2137 ire
869 2092 940 2136 cum
960 2071 1077 2160 aliqu0,
1092 2095 1158 2160 quo
1179 2071 1206 2136 is

109 2160 215 2238 ducat,
232 2158 269 2223 in
280 2160 349 2245 ejus
363 2157 470 2221 castris
485 2158 599 2221 versari
615 2160 657 2222 D.
672 2176 726 2245 92,
741 2176 793 2243 35.

149 2245 299 2318 ἀκύλοοθος
314 2242 507 2307 substantive
521 2257 695 2329 acceptum,
711 2258 758 2308 est
772 2242 911 2307 minister
924 2243 1092 2321 honestior,
1104 2243 1208 2331 pedis-

164 2353 237 2407 uus,
253 2350 389 2416 quorum
404 2350 531 2415 gregem
590 2349 629 2392 ne
648 2352 681 2393 se
701 2329 834 2405 trahere,
850 2328 1020 2415 superbum
1043 2342 1075 2393 et
1088 2351 1205 2393 vanum

109 2354 298 2490 &batum
324 2427 454 2499 eratque
478 2351 613 2479 inviiiie.
651 2414 815 2489 ἀκολούθους
836 2419 906 2498 τρεῖς
927 2414 943 2491 θ
966 2415 1102 2499 τέτταρας
1124 2418 1206 2489 αὐτὸς

112 2502 190 2589 (ipse
206 2499 293 2565 solus
309 2522 380 2565 cum
402 2499 454 2581 sit)
473 2499 546 2585 ἔχων
569 2504 613 2563 διά
635 2506 682 2575 τῆς
704 2502 812 2585 ἀγοράς
834 2504 915 2577 σοβεῖ
934 2503 1011 2586 565,
1026 2523 1097 2588 pen.
1135 2504 1207 2586 τρεῖς

109 2590 209 2661 παῖδας
225 2586 387 2659 ἀκολούθους
400 2587 540 2671 περιάγεις
556 2586 632 2670 958,
649 2603 697 2671 15.
734 2588 782 2648 riv
795 2587 881 2648 παῖδα
894 2589 942 2648 τὸν
956 2586 1102 2650 ἀκόλουθον
1116 2612 1207 2674 ταρα-

108 2676 198 2735 θοῦναι
223 2676 259 2746 ιίς
281 2671 406 2748 βάσανον
430 2689 524 2751 1120,
538 2691 570 2756 3.
602 2671 635 2754 b)
653 2670 817 2758 adjective,
832 2671 1029 2750 conveniens,
1044 2686 1206 2736 consenta-

109 2779 219 2835 neum,
233 2779 306 2831 cum
321 2754 427 2841 aliqua
441 2777 475 2819 re
488 2756 670 2854 copulatum
685 2755 778 2843 eique
788 2755 1067 2832 accommodatum,
1083 2770 1115 2822 et
1136 2779 1208 2821 con·
1286 2819 1290 2824 .

109 2843 245 2907 struitur
258 2840 334 2905 alias
347 2862 419 2905 cum
434 2839 676 2927 genit1v0,*alias
688 2865 763 2905 cum
778 2841 892 2905 dativo.
938 2840 1025 2916 οἰκίας
1047 2840 1117 2904 atra
1135 2867 1206 2921 μετ-

126 2928 169 3003 ίας
184 2929 235 2991 καί
251 2932 291 3011 τῷ
306 2933 352 3001 τῆς
366 2925 508 3000 πολιτείας
522 2927 634 3007 θνύματι
649 2927 824 3000 ἀκολούθους.
866 2926 1044 3014 populures,
1060 2926 1136 2990 nihii
1155 2927 1209 2989 ha·

108 2954 220 3078 ientes
240 3011 450 3100 praecipuum,
471 3010 580 3119 popuii
602 3026 716 3077 sortem
738 3012 892 3076 excedens
915 3028 987 3095 174,
1005 3026 1056 3095 27.
1099 3016 1137 3076 τά
1157 3014 1210 3091 μέν

110 3099 286 3181 ψηφίσματα
299 3102 364 3180 τρθς
377 3100 409 3160 ri
424 3102 472 3172 τῆς
487 3112 592 3171 τολιοις
606 3098 719 3178 ἀξίωμα
733 3097 894 3178 ψηφίζεσθι,
909 3103 958 3175 τὴν
976 3098 1089 3178 δύναμιν
1109 3099 1136 3160 δὲ
1159 3101 1209 3159 οὐκ

111 3185 272 3260 ἀαιίλοοθον,
285 3182 323 3256 οίς
337 3180 496 3263 ψηφίζεσθε,
513 3181 594 3268 ἔχετε
611 3185 684 3265 176,
700 3186 729 3247 6.
767 3183 899 3260 ἕξιλθύντι
915 3184 936 3244 8
951 3185 983 3244 θκ
997 3182 1102 3245 παίδων
1119 3181 1208 3245 τάκά-

113 3272 196 3332 λουθα
217 3268 324 3339 τούτοις
345 3267 476 3352 τράττειν
496 3285 573 3352 312,
592 3287 643 3353 25.
681 3269 760 3351 νύμον
782 3271 858 3354 αύτῷ
873 3266 940 3349 (alii
956 3266 1015 3353 legi
1031 3266 1207 3350 vetustiori)

113 3353 259 3416 ἀκόλουθον
273 3352 419 3415 τεθεικέναι
436 3367 510 3437 745,
530 3371 579 3416 11.
617 3352 734 3432 ἐραίνετ’
749 3351 783 3415 ἀν
798 3359 813 3428 ἡ
828 3358 899 3433 φυλὴ
918 3353 1064 3426 ἀκύλουθος
1083 3352 1154 3415 οὖσα
1175 3358 1209 3436 τῇ

114 3439 180 3501 θέσιν
195 3443 247 3500 τοῦ
261 3436 401 3518 ύνύματος.
439 3436 625 3502 constitisset
638 3460 709 3502 eum
725 3435 817 3503 simili
831 3438 926 3501 modo
940 3439 1069 3501 eandem
1091 3437 1208 3501 tribum

114 3523 339 3611 frequentasse,
354 3543 451 3620 penes
465 3545 561 3608 quam
574 3536 718 3611 receptus
732 3537 764 3588 et
775 3522 851 3587 elbo
864 3522 1032 3611 inscriptus
1047 3536 1137 3600 esset,
1153 3543 1210 3585 no·

115 3630 250 3695 meoque
263 3620 430 3705 acceprsset
445 3629 544 3672 unum
559 3608 686 3697 aliquod
702 3633 739 3674 ex
756 3609 804 3688 iis,
818 3631 891 3695 quae
905 3608 959 3673 illa
977 3609 1008 3672 in
1029 3608 1114 3673 tribu
1134 3607 1211 3672 soie-

115 3709 182 3758 rent
205 3714 352 3780 usurpari
377 3711 471 3769 1001,
498 3696 550 3759 26.
587 3701 609 3757 εί
631 3698 705 3758 δοκεῖ
724 3699 787 3776 ύμῖν
808 3694 956 3757 ἀκύλοοθον
978 3693 1044 3757 είναι
1070 3712 1163 3778 1134,
1176 3712 1209 3777 3.

120 3782 281 3863 1178,17.
318 3778 410 3840 πάντα
425 3779 581 3843 τάκόλουθα
598 3787 632 3865 τῇ
654 3780 751 3866 ποίμνῃ
767 3779 872 3843 omnia
892 3801 964 3843 cum
986 3802 1082 3865 grege
1103 3778 1209 3842 ovium

114 3885 265 3940 connexa,
289 3885 388 3949 eoque
410 3861 597 3949 pertinentia
624 3866 784 3949 1178,17.
822 3863 883 3927 ούτι
906 3869 953 3940 τῆς
974 3863 1209 3948 μνγαλοθηρύας,

116 3947 174 4013 orire
194 3954 242 4023 τῆς
262 3947 353 4023 ἀλλης
373 3949 506 4032 ὑμετέρας
523 3950 704 4033 προαιρέσεως
725 3952 873 4013 ἀκύλοοθον
897 3965 990 4032 1477,
1010 3952 1117 4013 1.πού
1134 3971 1211 4036 pro-

112 4037 252 4120 portion,
275 4032 486 4120 accordingly
517 4035 557 4097 L.
588 4038 658 4113 162,
687 4053 739 4120 25.
770 4037 882 4110 Tnvn.
928 4034 982 4099 ubi
1010 4051 1058 4099 est
1085 4034 1212 4122 adjecti·

115 4141 202 4195 vum,
226 4118 412 4218 significans,
431 4133 684 4198 consentaneum,
699 4142 885 4206 congruens.
926 4125 956 4183 ού
975 4125 1035 4202 μετ’
1050 4121 1210 4183 ἀκολούθου.

115 4204 183 4268 nine
196 4204 470 4292 901111109110903,
485 4224 516 4289 5.
550 4207 594 4268 δύο
616 4210 717 4281 παῖδας
739 4211 816 4291 αύτῷ
839 4207 1001 4281 ἀκολούθους
1019 4206 1085 4269 εἶναι
1102 4205 1140 4269 ir.
1154 4224 1209 4290 39.

121 4317 155 4349 ε
169 4290 315 4362 ἀκίλοοθος
343 4303 568 4354 consentaneus
638 4291 802 4364 ἀκολούθους
830 4293 970 4369 ἀλλήλους
999 4296 1051 4365 τάς
1078 4291 1212 4375 τιρκορίας

116 4378 264 4441 ermeno.
316 4387 492 4441 constantes
520 4398 625 4443 secum
654 4391 752 4465 atque
783 4375 1009 4442 consentientes
1042 4389 1212 4442 sanxerum
