2984 5000
273 274 316 342 94
402 294 405 299 ,
734 260 896 333 INDEX

271 435 330 517 χῆς
342 432 453 518 πικρίαν
468 432 517 496 καί
531 431 687 497 κακόνοιαν.
731 431 787 498 ubi
801 433 856 496 ἀτά
865 430 963 497 videri
976 430 1074 541 posuit
1088 430 1277 497 redundare.
1287 431 1370 517 580,

277 537 307 581 1.
350 520 405 581 ἀπὸ
426 521 474 594 τῆς
496 517 601 593 τίλεως
621 518 789 600 λαμβάνων,
804 517 839 581 id
861 532 920 597 eet,
934 521 989 582 ἀτο
1011 525 1065 581 τῶν
1089 522 1136 593 τῆς
1157 543 1190 581 τ.
1210 518 1372 603 χρημάτων

278 621 371 688 1341,
388 615 441 683 17.
477 602 604 666 πλοιίσιοι
618 604 672 666 ἀπῦ
686 608 735 680 τῆς
747 602 852 677 τίλιως
865 603 1024 688 γιγνόμενοι
1037 601 1221 667 ditescentes
1242 627 1261 667 e
1274 602 1371 667 furtin

274 688 306 751 in
320 687 465 752 aerarium
479 687 641 774 publicum
657 702 731 773 739,
745 706 798 754 21.
819 691 866 769 ἀφ’
875 695 972 751 ίανποῦ
987 687 1081 765 ultro,
1097 704 1207 774 sponte
1221 710 1281 753 sue
1294 706 1369 766 141,

278 793 329 836 11.
371 773 426 835 ἀπὸ
445 773 534 858 τύχης
555 772 696 851 fortuito,
710 772 849 859 impulsu
870 773 1025 837 affectuve
1045 773 1181 837 fortunae
1206 789 1369 858 1193,12.

273 859 401 943 τρόπαιον
416 859 463 919 ἀπ’
479 862 570 921 αὐτῶν
584 858 713 936 ιίστῆκιι.
758 873 912 956 tropaeum
933 857 975 922 eb
995 857 1071 944 ipsis
1092 859 1205 922 stabnt.
1220 858 1255 922 h.
1267 880 1294 921 e.
1310 855 1371 921 eri·

273 943 408 1028 gebatur
421 964 461 1006 ex
475 942 569 1006 annis
582 955 795 1007 constructum
808 943 857 1021 ris,
871 966 945 1030 quae
959 943 1091 1008 victores
1103 944 1193 1008 victis
1213 942 1371 1007 detraxis-

275 1042 344 1092 sent
356 1047 432 1109 444,
445 1030 477 1091 6.
510 1028 546 1108 b)
552 1051 634 1176 μισ,
650 1026 913 1115 aequipollentiam
928 1029 1091 1115 significat,
1103 1028 1153 1093 vel
1164 1027 1301 1092 valorem
1312 1028 1369 1109 rei,

274 1136 348 1199 qnoe
361 1128 540 1199 uomperetn
568 1113 625 1192 nit,
639 1126 696 1178 eut
709 1115 881 1200 comparari
894 1114 997 1200 potnit
1011 1137 1071 1202 pro
1083 1113 1145 1178 ulia
1164 1113 1315 1201 quapiam
1335 1137 1370 1178 re

152 1236 155 1239 ·
275 1198 505 1286 aequipollente.
549 1198 683 1282 στέφανος
695 1206 819 1286 χρυσοῦς
832 1201 887 1263 ἀπὸ
901 1200 1047 1263 ταλάντων
1069 1202 1201 1277 ῦξῆκοιτα
1223 1201 1299 1283 156,
1316 1217 1367 1279 14.

273 1287 330 1347 oiri
341 1290 389 1359 τῆς
404 1285 499 1358 οὐσίας
513 1288 589 1348 κατά
603 1282 716 1366 τίμησιν
730 1287 785 1349 ἀπὸ
799 1283 946 1347 ταλάντων
960 1284 1038 1348 δάκω.
1075 1306 1133 1371 pro
1152 1283 1367 1362 facultatibus,

274 1369 333 1433 rite
346 1369 514 1434 aestimatis.
558 1382 594 1433 ut
608 1369 722 1456 cuique
734 1368 816 1433 dena
830 1385 904 1433 sunt
918 1368 1035 1434 talenta
1044 1368 1077 1432 in
1092 1369 1192 1446 bonis,
1203 1370 1247 1433 ita
1261 1370 1369 1456 singu-

273 1453 320 1519 las
334 1476 429 1518 naves
441 1476 515 1519 cum
529 1453 682 1541 dignitate
696 1453 855 1519 trierarchi
869 1454 1010 1519 tuebitur
1025 1458 1099 1531 262,
1115 1474 1146 1539 3.
1179 1458 1234 1518 ἀπὸ
1248 1460 1305 1518 τῶν
1319 1459 1369 1518 αῦ-

273 1547 329 1603 τιῦν
342 1539 498 1622 λημμάτων
511 1540 683 1626 στρατιάντης
697 1562 756 1627 pro
768 1539 877 1604 endem
896 1539 1039 1605 meroede
1058 1538 1147 1602 miles
1166 1541 1221 1625 38,
1237 1560 1266 1625 9.
1312 1541 1367 1603 ἀπὸ

273 1632 329 1689 τῶν
342 1629 434 1705 auur,
445 1625 600 1706 λημμάτων
614 1630 727 1699 πολλοῖς
741 1626 904 1711 γράφοντις,
920 1624 974 1689 ὅτι
994 1623 1027 1688 ἀν
1044 1624 1199 1704 βοῦλωνται
1217 1627 1295 1708 687,
1313 1639 1366 1710 15.

274 1712 329 1772 &el
342 1718 447 1794 μικρῶν
460 1710 652 1792 ἀναλωμάτων
670 1714 780 1784 ἀπολεῖς
800 1709 959 1793 γινομένους
979 1711 1042 1785 τοῦς
1062 1709 1209 1785 τλοοσίοιις
1229 1732 1290 1797 pro
1311 1710 1369 1773 mi·

274 1807 354 1859 nuto
378 1793 537 1882 impendio
558 1796 631 1873 260,
656 1814 705 1858 11.
747 1798 804 1859 ἀπὸ
827 1794 969 1870 ἐλάττονος
992 1794 1178 1876 ἀναλώματος
1203 1815 1297 1880 1349,
1314 1815 1366 1863 21·

274 1884 305 1961 c)
319 1902 389 1966 per,
404 1902 477 1945 cum
491 1879 726 1961 adminiculum,
741 1879 791 1945 vel
804 1880 1046 1945 instrumentum
1061 1881 1105 1945 rei
1119 1879 1288 1946 efficiendae
1308 1880 1366 1945 de·

273 1965 387 2052 signet.
429 1968 484 2029 ἀπὸ
513 1973 567 2029 τοῦν
591 1965 726 2051 ῦμντίρων
752 1968 815 2049 ὑμῖν
839 1965 1004 2050 συμμάχων
1027 1970 1151 2046 πολεμιῖ.
1195 1988 1253 2053 per
1278 1989 1366 2054 opes,

273 2074 354 2137 quus
368 2049 457 2115 sociis
469 2049 579 2115 vestris
592 2050 685 2138 eripit
697 2071 752 2135 49,
769 2070 822 2118 11.
865 2052 920 2112 ἀπὸ
935 2057 982 2127 τῆς
997 2051 1122 2124 ἀσθενοῦς
1136 2053 1237 2128 ταίτης
1252 2052 1368 2136 κιγκλί·

273 2137 317 2211 tor
331 2136 426 2224 κυρίαν
438 2136 505 2200 elem
518 2143 573 2199 τάν
584 2137 741 2221 ἀπορρήτων
756 2137 830 2218 776,
848 2149 899 2217 17.
942 2135 978 2217 d)
993 2158 1074 2213 αισι,
1083 2134 1167 2200 idem
1177 2136 1265 2224 quod
1279 2138 1367 2220 μετά.

273 2223 341 2285 ἀλλ’
358 2223 412 2284 ἀπὸ
433 2230 482 2297 τῆς
502 2221 626 2299 σονῆίοιις
648 2220 764 2299 οῦηθιίας
784 2220 984 2297 ιίσιληλοίότις
999 2224 1150 2286 καίεδιῖσίι
1165 2234 1242 2307 773,
1256 2240 1288 2308 3.
1333 2224 1364 2304 e)

267 2306 394 2393 procul,
408 2305 491 2370 idem
505 2306 592 2394 quod
605 2305 704 2392 πάρρω.
741 2304 822 2369 ἔσται
836 2306 864 2368 li
876 2311 969 2369 ταῦτα
983 2310 1033 2370 οῦκ
1046 2310 1102 2370 ἀπὸ
1115 2313 1164 2369 τοῦ
1182 2308 1366 2393 πράγματος.

219 2406 221 2413 ‘
273 2412 337 2456 non
351 2391 485 2456 alienae
497 2413 591 2456 uuum
604 2406 680 2475 701,
698 2409 750 2476 23.
794 2390 823 2471 l)
840 2389 872 2454 in
886 2389 1073 2454 deductione
1087 2414 1218 2455 summae
1238 2392 1368 2456 minoris

273 2498 295 2541 a
307 2477 432 2564 majme.
461 2481 559 2562 τροφίην
571 2477 627 2540 ἀπά
642 2483 695 2541 τοῖν
709 2476 896 2558 ἑβδομήκοντα
910 2477 958 2539 καί
973 2482 1043 2539 ἑπτά
1057 2485 1130 2559 μνῶν
1131 2477 1294 2627 ἅλὲιστίον
1313 2477 1368 2542 ali-

274 2579 380 2628 mentn
394 2577 509 2643 nostru,
520 2562 553 2626 h.
564 2586 593 2627 e.
609 2585 652 2626 aee
665 2562 698 2625 in
712 2562 830 2627 victum
845 2575 985 2625 nostrum
997 2560 1118 2640 datum,
1195 2563 1366 2642 uoendnm,

273 2648 514 2713 diminuendum
534 2661 581 2712 eet
599 2646 640 2712 ab
660 2646 722 2711 illis
743 2663 783 2730 77
800 2646 892 2710 minie
907 2648 981 2728 824,
998 2666 1049 2728 24
1092 2651 1147 2711 ἀπὸ
1169 2654 1218 2712 τοῦ
1239 2638 1367 2730 letina-

273 2759 320 2808 τις
333 2732 496 2812 ἀπαλιίριιν
512 2732 608 2818 1338,
626 2752 677 2797 ιο.
721 2735 776 2796 ἀπὸ
791 2731 968 2806 redundare
981 2731 1115 2797 videtur.
1152 2740 1172 2809 η’
1186 2737 1240 2796 ἀπὸ
1262 2735 1367 2798 τούτων

275 2818 414 2900 ἑτοιμότης
427 2817 552 2882 illorum
566 2816 705 2882 studium
720 2839 772 2881 me
785 2815 993 2904 promerendi,
1007 2818 1049 2882 eb
1062 2817 1123 2882 illie
1140 2818 1181 2882 ed
1202 2840 1252 2882 me
1270 2820 1367 2905 profi-

273 2903 390 2968 ciscens
409 2904 503 2981 1268,
520 2903 631 2985 7.εοῖς
645 2905 706 2967 lert
720 2903 781 2981 βίος
794 2905 849 2966 ἀπὸ
867 2909 916 2965 τοῦ
937 2908 1093 2990 σωφρονεῖν,
1108 2903 1225 2990 quibus
1246 2904 1366 2969 victum

273 2988 394 3077 proebet
408 2988 481 3053 vitae
496 2987 711 3075 temperentia,
727 3010 801 3075 qnae
813 3011 879 3075 quo
892 3001 937 3052 eet
951 2986 1111 3069 illustrior,
1127 3003 1216 3053 tanto
1236 2988 1298 3053 illis
1319 3004 1367 3054 est

274 3090 414 3161 quaestus
432 3073 557 3138 uberior
570 3074 625 3137 Ε.
642 3092 673 3152 1,
691 3092 743 3158 13.
787 3074 949 3137 ἀτιλαάνιιν
967 3076 1022 3136 ἀτὸ
1044 3080 1092 3137 τοῦ
1114 3075 1240 3155 βίματος
1262 3094 1297 3154 4,
1312 3076 1364 3160 36.

274 3163 412 3244 κραυγαῖς
427 3162 513 3238 ζητιῖν
526 3158 687 3222 ἀπιλοιιίνιιν
701 3159 756 3221 ἀπὸ
770 3164 818 3220 τοῦ
833 3159 960 3238 βήματος
973 3175 1006 3243 5,
1023 3160 1074 3224 26.
1108 3159 1295 3244 γινώσκεσθαι
1310 3161 1365 3222 ἀτά

251 3250 323 3312 ,τοῦ
334 3243 543 3325 1τιτηδι6ματος
554 3258 586 3324 7,
602 3258 631 3324 7.
654 3243 887 3307 ἀπαλλάττισίαι
898 3243 1033 3318 ἀπότινος
1043 3263 1076 3328 9,
1089 3262 1120 3308 1.
1143 3247 1296 3321 ἀναστῆναι
1311 3246 1366 3307 ἀπὸ

273 3335 322 3393 τοῦ
336 3332 433 3409 βωμοῦ
448 3348 481 3413 9,
498 3346 551 3394 22.
593 3329 711 3405 ἀψευδής
724 3351 766 3401 τις
780 3329 835 3392 ἀπὸ
849 3327 1027 3408 ταύτομάτου
1041 3334 1183 3393 πλανᾶται
1198 3330 1273 3411 φήμη
1289 3334 1366 3392 κατά

272 3416 321 3491 τὴν
334 3415 413 3478 πάλιν
436 3415 487 3490 18,
503 3429 533 3494 7.
577 3414 756 3477 ἀποσπᾶσθαι
779 3415 834 3475 ἀπὸ
856 3418 903 3488 της
923 3413 1080 3496 ἀπολογίας
1103 3429 1224 3499 15,15.
1269 3417 1367 3501 ἀρ’χάς

271 3498 449 3580 ἀδινημάτων
463 3502 502 3580 μη
517 3497 601 3561 οῖισίι
614 3499 668 3560 ἀτί
683 3499 757 3574 ίιῦιν,
772 3500 839 3560 ἀλλ’
853 3502 908 3583 οὐχ
923 3498 967 3561 ὑπ’
981 3497 1124 3583 ἀνθρώπων
1143 3498 1299 3582 ἀσιλγιίας
1318 3499 1367 3583 γί-

273 3586 363 3647 νισθαι
379 3600 433 3664 17,
448 3598 479 3667 5.
523 3587 727 3668 ἀπαλλοτριοῦν
740 3581 798 3645 ἀτί
810 3608 880 3656 τινος
895 3601 947 3666 29,
964 3600 1013 3647 20.
1057 3585 1131 3646 ὥίιῖν
1144 3584 1199 3647 ἀπὸ
1217 3592 1272 3647 τῶν
1291 3589 1368 3669 ἀροῦν

272 3669 319 3732 τὸν
332 3671 502 3752 πρισβιοτίην
515 3687 569 3753 39,
584 3686 638 3752 3ο.
674 3666 856 3752 ἀπογινάσθαι
869 3666 1004 3749 μηδεμίαν
1017 3669 1127 3731 τάντοτι
1146 3667 1232 3731 νῦκτα
1251 3670 1302 3730 ἀπ’
1317 3674 1368 3732 αῦ-

226 3799 229 3804 -
272 3760 392 3833 τῶν44,
406 3773 459 3835 41.
501 3754 722 3834 μιτακαλνῖτῆν
735 3752 833 3836 ψυχὴν
846 3753 900 3814 ἀπὸ
915 3758 961 3828 τῆς
977 3754 1059 3838 ἀργῆς
1073 3758 1086 3816 ὃ
1102 3751 1218 3825 κίνδυνος
1239 3755 1283 3816 ἀτί
1304 3755 1367 3827 τοὺς

271 3842 320 3914 τῆς
334 3838 471 3944 σωτηρίας
490 3838 591 3921 λόγους
609 3856 663 3920 49,
679 3855 732 3921 30.
771 3837 1049 3922 σομτρισβιιίσαντάς
1073 3862 1120 3919 μοι
1143 3839 1213 3921 impl
1236 3840 1292 3899 ἀπὸ
1318 3845 1367 3902 τοῦ

272 3924 459 4008 στρατοπεδον
481 3936 536 4006 5ο,
555 3942 629 4009 pen.
666 3920 873 4007 ὑφαιροομάνοιις
898 3926 936 3984 rel
958 3927 1054 3985 πολλὰ
1077 3925 1132 3985 ἀπὸ
1151 3930 1205 3986 τῶν
1229 3924 1368 4008 ῦμντίρων

272 4008 411 4091 προσόδων
432 4008 553 4091 56,15.
583 4008 631 4069 ἀπ’
646 4005 832 4093 εἰσαγγελίας
847 4006 985 4092 κρίνισίαι
1007 4008 1062 4086 61,
1077 4027 1110 4092 3.
1139 4011 1231 4091 φυγάς
1244 4009 1293 4071 ἀπ’
1310 4014 1369 4071 τῖσ-

273 4091 416 4177 αγγιλίοις
437 4091 585 4176 γεγένηται
608 4091 661 4175 65,
677 4108 709 4171 4.
752 4089 856 4155 ἀπωίιν
875 4097 947 4172 ὑμᾶς
961 4092 1122 4176 ἀπαγαγάν
1136 4095 1191 4154 ἀπὸ
1208 4099 1257 4156 τοῦ
1277 4091 1370 4174 κλίμ·

272 4203 359 4327 2²5⁰?
374 4178 476 4342 {lul-
492 4174 942 4346 ηῖῖῖ”ίῖ1ῖ.ῗί,ζ,ῖιζίμῖῖ.
949 4178 997 4344 7⁶2⁸
998 4223 1008 4255 ’
1016 4196 1070 4345 11
1091 4177 1369 4339 iiiiii&

993 4308 1002 4340 ²

270 4288 384 4416 wigii
397 4346 477 4428 μίτον
491 4346 568 4410 inm
581 4346 672 4425 τάξιν,
688 4350 769 4411 ἀλλά
789 4347 836 4409 καί
858 4349 906 4423 τὴν
928 4347 1242 4426 1κτῖηςπάλιως,ηοιι
1264 4289 1368 4413 solim
