2984 5000
501 296 825 362 GRAECI'I'ATIS.

151 467 279 546 ἀναξύειν
292 471 332 532 πά
345 472 375 531 tv
387 472 420 555 τῇ
433 474 472 555 γῇ
489 468 569 551 (scil.
583 468 648 554 ίχνη
663 475 712 532 τοῦ
726 467 819 553 φίνου)
837 469 881 531 Α.
900 486 972 553 134,
986 483 1042 555 35.

113 596 122 603 -
151 556 328 617 ἀνάπαιστον
342 554 398 618 AE.
414 572 466 633 22,
482 572 535 639 27.
1247 633 1250 639 ,

150 640 303 704 ἀναπαύειν
317 647 545 725 λειτουργοῦντας
558 640 659 704 otium
675 639 850 728 respirandi
863 663 883 703 a
898 652 1130 704 sumtuosorum
1143 662 1212 704 mu-

111 747 220 789 nerum
235 725 399 791 functione
413 725 489 790 dare
506 729 602 808 1046,
620 745 671 790 21.
708 726 878 790 ἀνεπαύσατ’
893 725 927 790 ἀν
940 754 976 806 με
991 735 1046 790 τῶν
1060 726 1213 808 ἀναλωμά-

109 837 162 875 τοον
180 830 276 895 1049,
293 831 322 877 2.
359 811 570 886 ἀναπαύσαντες
584 820 640 875 τῶν
654 811 938 898 τεταλαιπωρηκότων
958 811 1047 898 ἕτερον
1069 830 1163 895 1049,
1179 814 1211 877 6.

113 896 192 958 :dn
207 901 258 961 ούκ
272 895 353 975 ἦλθεν
368 901 404 971 είς
419 901 458 960 τά
471 897 546 961 ύπλα
560 897 784 977 ἀναπαυσάμενος
799 898 841 960 L.
864 916 1002 983 130,40.
1039 898 1126 984 quod
1148 920 1212 963 non

111 981 230 1047 venerit
242 982 275 1045 in
291 997 403 1062 castra,
417 981 458 1046 ad
473 983 517 1047 ibi
531 981 790 1070 pernoctandum.

151 1070 347 1133 ἀναπιίθεσθαι
371 1071 426 1133 AE.
451 1074 656 1154 90,13.=p.3;
679 1069 864 1144 ἀναπεισθῆτε
886 1070 937 1131 tut
957 1069 1055 1132 τούτου
1071 1070 1112 1133 L.
1138 1070 1212 1149 108,

114 1173 163 1217 11.
997 1174 1001 1181 ’

151 1241 354 1324 ἀναπειρᾶσθαι
369 1261 480 1303 navem
496 1261 602 1304 recens
619 1251 769 1304 structam
788 1238 821 1301 in
884 1261 956 1303 uam
977 1238 1153 1320 demittere,
1167 1253 1213 1305 at·

112 1348 173 1412 que
195 1325 329 1413 agitare,
351 1325 482 1413 periculi
504 1324 639 1390 faciendi
660 1347 747 1412 ergo,
770 1261 898 1410 quondo
919 1325 989 1412 ejus
1008 1325 1159 1412 agilitate,
1180 1340 1213 1391 et

112 1433 187 1477 num
201 1411 280 1476 satis
289 1411 386 1476 densa
399 1425 496 1498 atque
509 1412 601 1475 firma
615 1411 666 1489 sit,
682 1423 804 1475 constet
818 1429 912 1494 1229,
932 1431 981 1495 19.
999 1430 1051 1479 ον.

9 1554 11 1577 ,
152 1497 339 1583 ἀναπέμπειν]
366 1497 598 1563 Lacedaemonii
619 1498 774 1578 με’λλουσιν
794 1498 830 1570 ἀς
851 1496 1035 1581 Ἀλέξανδρον
1055 1496 1215 1580 ἀναπέμπε-

9 1642 10 1657 ,
112 1584 175 1646 σθαι
190 1585 386 1666 δμηρεύσονσες
401 1586 458 1648 AE.
475 1601 529 1668 72,
540 1604 560 1670 3
562 1584 700 1669 5.=·rolr5
713 1584 815 1657 παῖδας
830 1587 866 1655 είς
884 1582 959 1645 ἀστυ
977 1583 1147 1665 ἀναπίμπειν
1170 1584 1212 1647 L.

133 1684 310 1840 9ἀία9πηδάν]
329 1755 369 1819 de
382 1754 432 1832 iis,
447 1754 502 1841 qui
522 1770 651 1843 repente
668 1768 701 1819 et
722 1766 770 1818 tre
792 1752 914 1817 idsntes
934 1768 1141 1841 consurgunt,
1156 1768 1213 1821 aut

112 1839 313 1926 deprecandi,
334 1855 392 1905 aut
412 1840 637 1920 intercedendi,
659 1839 733 1904 h.e.
756 1777 947 1926 olloquendi
968 1854 1001 1904 et
1022 1840 1213 1928 impediendi

112 1948 199 2013 ergo,
214 1940 273 1990 aut
293 1949 361 2013 prae
381 1926 566 2035 cupiditate,
580 1941 613 1992 et
633 1925 832 1991 contentione
853 1925 1039 2013 occupandi.
1076 1927 1214 2004 ἀναπηδή-

112 2036 193 2075 σασα
207 2012 375 2096 προσπίπτει
390 2038 457 2100 προς
470 2018 509 2076 τά
523 2013 633 2097 γόνατα
647 2013 855 2098 τῷΊατροκλεῖ
866 2031 944 2096 403,
958 2026 989 2097 5.
1026 2014 1213 2087 ἀναπηδῶντες

113 2103 136 2161 εί
148 2099 302 2175 βουλευταί
317 2098 419 2162 ἀδίονπο
437 2101 476 2179 μὴ
496 2107 572 2179 σφάν
590 2102 681 2161 αὐτῶν
702 2096 854 2179 ἀφελίσθαι
876 2102 924 2176 τὴν
946 2099 1046 2183 δουρεάν
1065 2100 1143 2182 596,
1163 2117 1213 2162 10.

9 2200 10 2209 ¹
112 2184 370 2261 ἀναπηδ-ἀβύαν,
387 2185 574 2269 ἠγανάκτουν,
596 2185 775 2270 ίλοιδοροῦντο
799 2200 873 2268 703,
889 2205 964 2270 pen.
1001 2189 1026 2246 ot
1046 2191 1213 2257 συνεστῶτες

111 2268 201 2354 τούτῳ
231 2270 455 2347 ἀναπηδήσαντες
483 2270 645 2351 ίιίιηφίζοντο
674 2287 768 2354 1302,
796 2268 1081 2353 25.=adscendere
1115 2267 1215 2333 tribu·

112 2352 163 2417 nal
177 2353 221 2417 ad
234 2353 404 2419 dicendum
418 2356 475 2418 AE.
495 2375 546 2434 10,
560 2375 613 2440 31.
650 2356 795 2432 ἀναπηδᾶν
810 2356 853 2417 ἐπὶ
872 2356 904 2417 τδ
924 2359 1017 2435 βῆμα,
1032 2353 1159 2432 insilire,
1174 2352 1215 2417 ir·

111 2462 262 2528 rumpere
282 2440 378 2506 illotis
399 2439 532 2527 pedibus
552 2440 584 2505 in
606 2439 756 2520 tribunal,
771 2440 917 2505 accedere
936 2442 977 2507 ad
994 2462 1157 2505 causarum
1180 2440 1214 2505 in

112 2527 182 2591 foro
196 2527 346 2609 actiones,
361 2527 521 2593 desertum
536 2527 577 2593 ab
591 2526 713 2592 artibus
727 2526 756 2591 ei
775 2526 820 2590 rei
837 2527 1019 2592 exercendae
1036 2526 1214 2593 necessariis

135 2613 200 2691 8,2
228 2661 236 2679 .

9 2729 11 2738 ’
113 2631 131 2697 ⁷
153 2634 311 2784 ἀναθπηρος]
326 2700 465 2787 ἀνάπηρον
477 2703 561 2763 ποιεῖν
575 2700 629 2763 AE.
646 2701 699 2778 26,
717 2698 857 2763 16.=L.
876 2701 949 2784 169,
966 2701 1026 2764 26.-

9 2823 11 2840 ι
155 2786 389 2873 ἀναπιμπλάναι]
405 2784 540 2872 αἰσχύνης
554 2784 765 2865 ἀναπίμπλησιν
779 2784 843 2862 ύλην
857 2789 905 2864 τὴν
917 2785 997 2847 πόλιν
1012 2785 1059 2848 καί
1079 2783 1214 2860 ἀπιστίας

9 2885 10 2904 ’
113 2872 190 2953 466,
210 2892 238 2935 1.
276 2871 352 2949 δυ’ἔης
365 2872 470 2953 φαύλης
485 2874 561 2954 764,
575 2878 766 2956 4.εληστο”ον
780 2870 855 2948 δύξης
877 2869 1073 2952 ἀνεπίμπλατο
1088 2871 1142 2933 AE.
1157 2886 1213 2956 37,

115 2976 164 3044 23.
203 2956 285 3038 φύνου
298 2957 404 3021 δικαίου
417 2957 509 3038 μηδείς
523 2957 619 3020 δαυτδν
633 2959 795 3032 ἀναπλῆσαι
816 2955 956 3034 βούλοιτο,
972 2957 1039 3034 ἦπου
1060 2956 1156 3020 ἀδίκου
1177 2983 1214 3041 γε

114 3045 272 3124 φυλάξαιτο
293 3063 348 3128 39,
369 3042 681 3123 41..-.·ἀναπιμπλοἰναι
703 3047 751 3116 τῆς
772 3047 871 3105 ἑαυτοῦ
892 3042 981 3126 τύχης
1002 3041 1076 3105 τινά.
1112 3041 1163 3105 cui
1183 3056 1215 3106 te

114 3129 232 3194 socium
255 3128 454 3215 negotiorum
475 3128 669 3215 adjunxeris,
684 3126 713 3191 ei
734 3126 946 3192 infelicitatem
969 3126 1026 3192 tibi
1048 3141 1213 3214 cognatam

114 3230 210 3303 atque
224 3214 352 3280 fatalem
368 3214 552 3301 adjungere,
567 3214 709 3278 affricare
724 3213 769 3276 D.
786 3232 839 3297 94,
857 3233 910 3279 20.

154 3301 323 3365 ἀναπίπτειν
337 3300 377 3365 de
395 3302 501 3380 rebus,
517 3323 590 3387 quae
611 3300 705 3378 lente,
718 3298 853 3386 torpide,
869 3299 1015 3386 segniter,
1029 3321 1086 3386 per
1107 3298 1214 3386 negle-

115 3403 199 3452 ctum
223 3402 256 3451 et
277 3401 470 3452 contemtum
491 3402 642 3472 aguntur,
657 3385 690 3449 in
712 3385 843 3473 longum
865 3385 1085 3454 extrahuntur.
1125 3391 1170 3448 νῦν
1191 3387 1213 3448 δ

115 3472 344 3547 ἀναπεπτωκότες
359 3470 406 3550 ἦτε
419 3471 549 3551 remissi,
565 3471 669 3558 supini
682 3491 760 3552 411,
776 3493 808 3556 3.
845 3471 1030 3536 ἀνεπεπτώκει
1045 3476 1082 3534 τά
1095 3476 1143 3547 τῆς
1157 3471 1215 3549 ἀξύ-

116 3560 166 3623 δοο.
203 3557 369 3623 consilium
383 3557 592 3645 expeditionis
604 3555 902 3645 procrastinabatur,
915 3572 973 3622 aut
986 3557 1078 3621 etiam
1090 3556 1213 3622 irritum

116 3644 208 3709 tiebat
222 3646 303 3730 567,
322 3662 370 3710 12.
1294 3675 1301 3690 ·

154 3731 349 3793 ἀναπλάττειν
361 3734 417 3805 τοῖς
432 3730 597 3813 ψηφίσμασι
613 3727 736 3816 φρύνημα
754 3733 846 3811 μεῖζον
864 3734 913 3791 τοῦ
934 3729 1038 3802 δέοντος
1059 3727 1122 3791 De.
1140 3746 1213 3813 179,
1314 3756 1322 3763 ·

116 3834 293 3964 42itinerarii
309 3900 446 3964 Athenis
459 3924 568 3966 versus
582 3899 825 3986 Hellespontum
841 3898 937 3963 classe
952 3899 1084 3964 subvehi
1094 3919 1148 3985 93,
1163 3918 1213 3963 21.

9 4053 10 4068 ρ
116 3989 249 4051 ἀναπλεῖν
264 3988 337 4061 ἐντδς
351 3993 445 4050 πυλῶν
460 4004 534 4069 290,
549 4007 582 4072 3.
621 3987 654 4068 b)
671 3999 757 4050 retro
770 3985 887 4062 revehi,
897 3985 964 4072 jam
979 4001 1136 4073 peractam
1157 4008 1214 4048 na·

9 4103 10 4142 3
117 4072 307 4160 vigaaonem
321 4072 453 4136 eandem
468 4094 578 4135 rursus
591 4070 728 4136 remetiri
738 4072 813 4154 887,
827 4091 874 4155 15.
887 4077 1039 4146 τακτοῖς
1054 4073 1076 4134 δ’
1087 4069 1117 4147 ἦν
1128 4071 1214 4156 πράσ.

9 4163 10 4238 J
115 4164 195 4237 ταξις
215 4163 256 4239 μη
278 4160 413 4223 ἀναπλεῖν
435 4163 471 4233 είς
493 4157 540 4221 τὸν
553 4158 775 4236 Ἑλλήσποντον,
788 4160 844 4230 τοῖς
867 4159 888 4219 δ’
904 4162 940 4232 είς
954 4158 1060 4221 Ἰαονίαν
1076 4159 1144 4221 An.
1164 4174 1214 4235 10,

9 4287 11 4324 η
119 4245 169 4310 28.
205 4243 351 4332 exempla
364 4243 432 4309 haec
446 4256 536 4308 erant
550 4242 746 4332 relegationis
760 4241 898 4306 minoris.

162 4333 334 4415 ἀναπληροῦν
351 4330 493 4430 explere,
515 4329 561 4407 id,
584 4329 670 4417 quod
693 4352 825 4393 numero
846 4329 944 4407 deest,
962 4327 1088 4406 addere,
1104 4326 1215 4392 satiare

9 4419 10 4478 ζ
117 4414 250 4502 alicujus
273 4417 424 4503 inopiam,
445 4416 662 4503 indigentiam,
684 4415 857 4480 libidinem.
902 4415 964 4488 τοὺς
988 4413 1141 4488 διακοσίους
1167 4414 1215 4476 καί

115 4502 228 4587 χιλίους
242 4501 446 4590 ἀναπληρῶσαί
462 4522 530 4588 φημι
548 4509 651 4589 χρῆναι
678 4503 816 4581 182,12.
861 4500 909 4575 ίας
930 4498 1146 4584 ἀνεπληρώσατο
1167 4502 1216 4576 τὴν
