2984 5000
509 304 829 370 nuncianum.
1197 325 1217 390 3

113 478 198 537 πάοιν
219 473 369 559 ἀνθρώποις
392 475 555 557 ἠγαπημένη
584 495 679 561 1409,
695 493 727 560 7.
742 475 778 556 b)
825 474 858 540 in
882 473 988 563 aliqua
1011 498 1057 556 re,
1073 478 1218 564 quamvis

114 558 197 624 mala
218 573 252 625 et
274 559 474 659 aspernabili,
490 560 540 624 vel
562 560 738 631 detestabili
760 561 865 641 etiarm
885 576 990 627 tamen
1010 562 1218 650 acquiescere,

114 658 146 710 et
160 645 234 727 sibi,
251 660 288 711 ut
305 669 339 710 111
360 645 460 728 malis,
475 647 686 735 congratulari
708 648 800 729 adeo,
815 648 903 736 quod
917 648 967 713 vel
989 648 1060 729 hac,
1075 649 1219 738 quamvis
1267 674 1270 680 ·

114 731 298 813 miserabili,
314 734 442 799 fortuna
454 732 546 799 liceat
561 734 621 814 uti,
637 758 739 822 neque
753 734 900 800 deteriori
914 733 982 799 loco
1001 735 1055 800 sia.
1099 740 1218 822 ἀγαπᾶν

114 822 170 893 τοῖς
184 819 402 905 πεπραγμένοις.
446 820 642 907 acquiescere
655 822 875 908 praesentibus,
890 844 964 886 cum
978 821 1095 909 gaudio
1113 836 1146 887 et
1164 823 1219 888 de·

114 904 293 986 lectatione,
309 920 347 971 ut
368 906 550 988 conditioni,
571 930 674 994 neque
695 908 826 987 meritae,
848 931 951 997 neque
973 922 1105 996 speratae
1126 923 1219 974 antea

119 1011 171 1077 13,
191 1012 244 1057 11.
289 998 466 1077 ἀγαπῶντες,
479 998 527 1057 έάν
535 996 704 1075 μεταδιδῶσι
716 998 849 1082 θεωρικῶν
858 999 920 1078 ὑμῖν
935 1008 990 1082 37,
999 1008 1032 1080 5.
1078 995 1217 1074 Ἀθηναῖοι

115 1083 154 1140 τοὶ
168 1083 244 1165 ἀυτῇ
261 1078 387 1166 θαλάττῃ
401 1078 499 1165 χωρέα
513 1085 649 1163 ἀγαπῶσι
671 1082 750 1166 παρά
771 1086 820 1143 τοὺ
841 1080 1000 1155 Μακεδόνος
1024 1082 1217 1164 λαμβάνοντες

117 1162 170 1243 78,
197 1184 231 1249 9.
276 1170 382 1251 ἀγαπᾷ
408 1166 664 1248 κατασκευάζουσα
689 1173 741 1240 τοὶς
768 1166 852 1242 ἀάοὑς.
898 1166 972 1230 satis
997 1166 1104 1245 habet,
1129 1166 1218 1255 quod

115 1249 182 1314 vias
196 1266 323 1338 reparet
340 1265 413 1337 175,
429 1270 461 1336 3.
506 1255 581 1332 ὑμεῖς
596 1258 745 1337 ἀγαποῖτε,
762 1250 796 1316 άν
810 1278 837 1315 πε
854 1254 931 1316 αὑτοὶ
946 1255 1125 1334 μεταδιδῶσι,
1141 1269 1217 1335 λαμ-

114 1336 246 1414 βάνοντες
266 1356 337 1422 175,
357 1357 407 1422 19.
451 1339 509 1419 ἀγν)
525 1338 553 1400 δὲ
566 1337 766 1426 παραινέσαιμ’
781 1337 815 1402 ἀν
830 1338 951 1420 ὑμῖν-ἢ
972 1339 1083 1402 έλάττω
1105 1343 1218 1423 φρονεῖν,

116 1424 164 1486 καὶ
179 1426 220 1486 rol
235 1424 343 1507 ὑμέτερ’
358 1427 449 1487 αὑτῶν
463 1427 582 1508 ἀγαπῶν
598 1424 765 1513 πράττοντες
782 1426 856 1507 176,
873 1426 905 1489 8.
949 1423 1023 1489 satis
1042 1424 1170 1505 habere,
1185 1439 1218 1491 et

115 1508 330 1597 congratulari
343 1508 443 1588 vobis,
461 1509 549 1596 quod
569 1532 674 1574 rerum
688 1524 862 1575 vestrarum
884 1524 1024 1598 satagere
1041 1510 1144 1576 liceat.
1188 1510 1218 1576 ἀν

116 1593 143 1657 ri
160 1623 203 1671 τις
226 1594 270 1659 εῖα
292 1602 349 1683 ζῇν,
364 1600 482 1682 ἀγαπάν
504 1594 554 1659 tta
575 1598 654 1683 582,
674 1617 704 1683 3.
751 1599 801 1662 οὑκ
822 1601 928 1684 ἀγαπᾷ
949 1598 1067 1672 Βοιωτὸς
1081 1597 1216 1662 τουτοισέ.

117 1682 251 1747 Boeotus
267 1681 316 1746 hia
334 1696 501 1747 contentus
521 1704 585 1746 non
607 1696 655 1747 est
679 1702 774 1762 1002,
790 1701 823 1768 5.
866 1685 982 1768 ἀγάπα,
997 1682 1037 1746 ἀνι
1059 1709 1104 1748 τοι
1125 1684 1216 1763 πέλις,

115 1768 201 1848 οέκέα,
217 1772 309 1853 πατῆρ
323 1768 432 1853 γέγονε.
477 1769 513 1833 be
528 1769 682 1857 thaalfitl
694 1778 725 1834 to
735 1767 1218 1856 ἀουυονο,1ἀαθ-ἀςγάρῶςάγαι

115 1856 228 1918 πάντων
250 1857 322 1919 τοῦθ’
337 1861 424 1935 ὑμῶν,
439 1855 488 1919 καὶ
510 1854 743 1940 προσοφειλόντων
765 1856 852 1940 χάριν
873 1859 949 1941 αὐτῷ
971 1858 1047 1941 650,
1064 1874 1115 1942 23.
1161 1855 1216 1920 ubi

116 1940 168 2005 alii
182 1945 244 2019 οὑκ,
260 1940 313 2004 alii
327 1946 366 2022 με)
381 1955 584 2030 praeponunt,
599 1940 693 2006 ambo
711 1941 964 2026 ωοίε.εάγαπάν
977 1941 1070 2006 valde
1083 1954 1216 2007 conten·

118 2041 169 2092 tus
187 2050 255 2091 esse
273 2027 420 2115 praesenti
441 2026 536 2107 malo,
550 2027 673 2115 sibique
694 2027 917 2116 congratulari,
931 2028 1019 2127 quod
1041 2051 1102 2092 non
1125 2028 1217 2116 pejus

116 2113 155 2179 sit
175 2114 232 2177 Ε.
244 2133 296 2194 24,
306 2114 366 2179 ult.
410 2119 515 2178 λαλιάν
525 2113 660 2203 ὑπερὺριον
669 2119 799 2199 ἀγαπάν,
811 2114 957 2203 amplectr
966 2136 1081 2202 magno
1088 2113 1217 2179 audien·

116 2199 168 2265 tiae
186 2199 294 2264 studio
314 2198 444 2265 fabellas
465 2200 505 2264 de
527 2201 622 2266 rebus
643 2200 799 2265 extraneis
820 2220 877 2286 34,
893 2219 943 2285 29.
989 2204 1038 2264 οὑκ
1053 2205 1216 2285 ἀγαπῶσα,

117 2289 163 2350 έοῖν
177 2312 221 2362 τις
234 2292 274 2370 μὴ
288 2290 354 2374 παρ’
368 2290 461 2361 αὐτοῖς
477 2290 557 2374 ἀδικῇ
577 2289 632 2373 56,
643 2305 699 2375 34.
744 2291 862 2372 ἀγαποῖν
877 2290 924 2365 τὴν
937 2294 990 2351 τῶν
1001 2287 1143 2367 ὀνομάτων
1153 2287 1217 2351 σὺν-

116 2374 189 2436 θεσιν
216 2375 411 2455 74,1.-.-.οὑκ
433 2378 537 2459 ἀγαπᾷ
558 2372 632 2438 satis
653 2396 715 2438 non
737 2372 845 2452 habet,
860 2394 964 2460 neque
984 2386 1150 2438 contentus
1171 2385 1217 2439 est

115 2457 202 2523 haud
217 2457 331 2523 merita
343 2471 376 2523 et
389 2457 547 2547 insperata
560 2459 719 2540 felicitate,
735 2463 758 2522 εἰ
778 2463 808 2523 οὑ
828 2458 907 2523 laica
926 2460 1001 2538 δίκην
1020 2466 1075 2524 τῶν
1094 2466 1218 2546 ἡμαρτη-

115 2545 204 2626 μένων
218 2545 246 2610 l.
259 2565 314 2630 49,
327 2563 378 2632 29.
395 2549 444 2609 οὑκ
455 2551 560 2633 ἀγαπᾷ
569 2551 607 2611 τά
621 2547 727 2611 έκεένεον
742 2546 829 2632 ἔχων,
846 2549 1026 2633 ἀλλά-73,
1042 2552 1218 2632 44.εάγα-

116 2637 171 2696 τῶν
193 2635 252 2707 τοῖς
274 2631 449 2717 ὑπάρχουσιν
471 2635 589 2714 ἀγαθοῖς
611 2633 654 2698 Ι..
673 2651 748 2718 192,
763 2635 816 2698 26.
869 2637 902 2717 τῇ
924 2632 1049 2719 σωτηρέρι
1072 2651 1144 2716 194,
1160 2652 1215 2713 40.

117 2717 276 2799 ἀγαπῆσειν
297 2743 345 2799 με,
360 2722 383 2780 εἰ
405 2719 437 2782 τὸ
460 2725 546 2801 σῶμα
570 2719 655 2783 σῶσαι
682 2737 753 2800 121,
778 2738 826 2783 10.
873 2719 926 2782 Ita
940 2719 1068 2803 στέργειν
1090 2738 1166 2816 913,
1185 2722 1216 2783 6.

119 2804 235 2868 Turn.
251 2806 410 2889 ἀγαπῶμεν
422 2804 561 2869 contenti
574 2804 672 2869 simus
686 2819 782 2893 atque
801 2803 1057 2892 congratulemur
1074 2804 1164 2869 nobis
1182 2803 1218 2868 ἀν

118 2895 340 2953 ὁποσουτινοσοῦν
367 2889 511 2977 πριάμενοι
536 2893 601 2976 παρ’
629 2895 721 2956 αὑτῶν
751 2889 913 2973 ἀπέλθωμεν
950 2891 1024 2975 165,
1053 2908 1107 2975 32.
1166 2894 1216 2954 οὑκ

117 2982 221 3062 ἀγαπᾷ
234 2975 310 3040 satis
322 2997 385 3040 non
401 2975 507 3057 habet,
521 2998 586 3041 11011
600 2977 780 3066 acquiescit,
797 2975 824 3040 εῖ
834 3003 877 3052 τις
891 2979 974 3040 αὑτὸν
994 2980 1043 3040 οὑκ
1063 2981 1097 3062 έρῖ
1115 2976 1218 3040 τοὺτων

115 3061 259 3147 μετέχειν,
274 3065 354 3126 ἀλλά
371 3063 504 3148 καὶ-17
506 3079 540 3149 5,
558 3064 728 3147 17.εοὺτά
746 3066 773 3127 έν
792 3065 938 3146 Σαλαμῖνι
959 3062 1085 3149 τρόπαιον
1104 3062 1218 3148 ἀγαπῆ-

117 3173 216 3222 σαντες
226 3148 348 3225 έπεησαν
366 3149 439 3236 [pro
449 3150 604 3228 στήσαντες
617 3150 784 3248 ἠγάπησαν]
799 3149 937 3214 contenti
954 3170 1016 3213 non
1038 3162 1126 3213 erant
1144 3149 1216 3228 hoc,

116 3233 203 3321 quod
216 3234 355 3299 victorin
368 3250 609 3301 mouumentum
624 3235 709 3301 istud
724 3237 865 3301 fixissent
876 3237 937 3322 Ly.
957 3251 1029 3334 157,
1044 3251 1077 3322 5.

157 3323 305 3404 ἀγαπητὸς
326 3321 442 3410 cupide
460 3321 708 3412 amplectendus,
720 3338 753 3387 ct
768 3321 917 3387 tenaciter
931 3321 1123 3400 retinendus,
1139 3334 1177 3384 ut
1192 3320 1217 3385 si

117 3429 263 3494 magnam
287 3421 320 3471 et
341 3407 530 3497 insperatam
556 3410 795 3498 prosperitatem
817 3407 952 3495 adeptus
974 3407 1026 3486 sis,
1041 3408 1132 3496 cujus
1146 3407 1218 3472 Deo

115 3494 233 3580 gratias
246 3493 389 3581 ingentes
402 3494 526 3560 debeas.
571 3497 718 3581 ἀγαπητάν
731 3493 763 3574 ἦν
782 3499 860 3579 παραὶ
879 3501 927 3559 τοὺ
949 3496 1033 3577 δήμου
1055 3499 1145 3580 ἀρχῆς
1168 3495 1216 3557 καῖ

116 3585 196 3661 τιμῖης
212 3582 261 3644 καὶ
278 3583 388 3665 ἀγαθοῦ
406 3606 477 3656 τινος
498 3584 730 3664 μεταλαμβάνειν
749 3582 803 3668 36,
819 3602 892 3670 pen.
919 3596 956 3664 17
958 3594 992 3666 5,
1010 3600 1061 3661 14.
1103 3584 1218 3665 ἀγαπη-

115 3667 172 3744 τάν,
186 3670 222 3744 εἶ,
236 3666 347 3730 πάντων
362 3674 458 3742 καλῶς
474 3667 594 3753 έχὺντωε
614 3672 688 3749 ὑμῖν,
708 3672 857 3754 κρατοῖμεν
873 3675 928 3731 τῶν
948 3669 1053 3751 ἐχθρῶν
1072 3681 1147 3752 730,
1166 3682 1215 3751 17.

116 3750 152 3825 οῖς
166 3754 316 3859 ἀγαπητὸν
329 3751 360 3830 ἦν
374 3757 413 3834 μὴ
427 3752 575 3840 πάσχουσι
591 3763 685 3828 κακῶς
700 3757 794 3828 αὑτοῖς
809 3772 906 3860 1234,
923 3754 955 3816 6.
1002 3751 1061 3815 ἔστι
1076 3754 1104 3815 δέ
1118 3751 1218 3839 ἀνθρω-

115 3862 165 3900 πον
178 3863 247 3902 οντα
260 3842 408 3923 ἀγαπητὸν
422 3845 470 3917 τῆς
481 3845 566 3905 αὑτοῦ
577 3840 696 3914 διανοέας
708 3840 794 3926 λόγον
807 3844 921 3924 ὑπνχειν
935 3839 1031 3925 1436,
1042 3840 1072 3902 6.
1117 3843 1130 3900 ὑ
1141 3844 1218 3923 ἀγα-

115 3925 198 4001 πηπὺς
220 3938 289 3989 erat
310 3947 482 4014 cognomen
506 3925 659 4006 Nicerati,
680 3925 735 3990 filii
758 3924 858 3989 Niciae
878 3927 957 4011 567,
974 3927 1218 4008 υ4.;ἀγαπηπάν

118 4012 203 4158 regula
224 4009 345 4076 malum
365 4011 583 4091 necessarium,
599 4027 632 4077 et
652 4035 712 4100 pro
733 4035 768 4076 re
790 4025 863 4076 nata
880 4011 931 4076 vel
952 4010 1131 4099 exoptabile
1150 4014 1217 4075 Α11.

119 4113 240 4178 2,14.

158 4188 316 4268 ἀγαπητῶς
329 4183 395 4262 vix,
411 4207 507 4272 tegre,
521 4183 555 4247 in
576 4184 683 4272 magni
702 4184 844 4249 beneficii
858 4197 956 4272 parte.
987 4188 1141 4269 ἀγαπητῶς
1156 4188 1216 4248 irt-

117 4269 288 4356 γράμματος
303 4270 462 4356 έτὺγχανον
471 4289 547 4355 491,
558 4291 590 4358 3.
635 4270 696 4334 εἶτα
710 4274 758 4348 τὴν
774 4272 873 4358 εέρῆνην
888 4271 1050 4348 έποιῆσασθε
1064 4274 1217 4355 ἀγαπητῶς

118 4373 193 4441 409,
210 4356 240 4422 8.
285 4357 329 4420 έπὶ
344 4361 384 4443 τῷ
398 4361 627 4444 τριταγωνιστεῖν
641 4362 794 4443 ἀγαπητῶς
810 4356 1217 4444 παραπρερὺμενον..-.ἀγαπη·

119 4447 170 4516 πῶς
193 4443 330 4507 ποιεῖσθαι
345 4443 446 4528 εέρῆνην
460 4444 517 4508 AE.
533 4445 589 4532 38,
608 4445 784 4509 12.;ἀεινάν
798 4441 828 4522 ἦν
842 4449 996 4530 ἀγαπητῶς
1010 4443 1100 4529 ἀλῖγῳ
1118 4443 1217 4530 πρὺτε-

120 4552 162 4611 ρον
177 4529 371 4614 σεσῶσμένους
385 4531 426 4616 ὑφ’
442 4529 531 4619 ἕτερον
545 4530 664 4595 κένὺυνον
687 4529 752 4595 ἰέναι
769 4531 808 4595 L.
828 4548 901 4614 147,
921 4532 969 4595 18.
984 4530 1096 4595 Tan.
1141 4533 1217 4613 ἀγα-

638 4638 656 4680 B
674 4635 692 4683 2
