2984 5000
257 248 297 293 ro
727 230 878 294 INDEX

257 420 334 489 199,Ι
344 418 396 480 24.
440 407 495 464 τῶν
508 395 688 548 &putantis
698 403 773 482 δμεῖς
786 403 847 484 περὶ
861 407 909 478 της
923 403 1020 488 δοχῆς
1034 400 1202 486 ἀγωνίζεσθε
1210 424 1229 490 3
1238 422 1287 485 14,
1303 419 1355 489 15.

253 492 360 571 ἀγῶνος
374 485 443 565 ἄξια
455 489 504 549 οὐκ
541 512 554 546 ν
569 488 632 566 ὑμῖν
647 486 749 566 φανείη.
787 485 884 574 digna
898 487 979 550 forte
990 486 1094 552 minus
1115 488 1294 569 videantur,
1314 490 1356 555 ob

253 592 327 660 quae
336 574 410 661 jure
418 585 555 651 certetur
563 588 699 656 519,22.
742 575 850 654 ἀγῶνες
862 572 1029 661 (gymnici)
1042 578 1067 637 οί
1077 578 1154 637 κατὰ
1165 577 1356 653 τὴνἙλλάδα

253 661 335 722 κοινοὶ
349 658 436 724 πᾶσίν
454 663 508 722 εἰσι
526 661 602 744 633,
614 659 646 722 6.
688 658 831 745 προεδρίαν
851 663 877 722 ἐν
900 664 957 735 τοῖς
983 665 1080 743 ἀγῶσι
1103 661 1282 747 (gymnicis,
1299 663 1354 727 sed

252 744 411 833 praecipue
422 744 562 826 scenicis)
572 741 670 807 διδόναι
684 747 761 830 256,
774 761 806 828 7.
851 746 963 809 δοκοῦσί
975 771 1023 827 μοι
1039 745 1157 822 ἅπαντες
1173 753 1197 810 οί
1210 750 1276 837 παρ’
1291 754 1355 832 ὑμῖν

253 839 358 918 ἀγῶνες
378 831 542 915 (forenses)
567 834 622 915 οὐχ
641 829 721 907 ἦττον
746 839 801 895 τῶν
820 839 933 917 καιρῶν,
955 832 971 909 δη
990 840 1044 896 τῶν
1066 834 1254 918 πραγμάτων,
1275 836 1353 899 εἶναι.

247 917 370 1003 judicia
383 932 487 982 vestra
507 917 548 981 de
569 917 664 981 rebus
679 917 709 979 in
725 916 801 980 foris
818 917 928 983 vestris
948 917 1074 1004 agitatis
1093 941 1156 983 non
1175 921 1289 985 veritas
1307 944 1355 986 re·

252 1026 323 1068 rum
344 1004 494 1093 ipsarum,
513 1018 835 1090 argumentorumque
854 1004 1010 1069 evidentia
1030 1006 1140 1091 magis,
1160 1029 1255 1093 quam
1276 1021 1355 1072 tem-

251 1112 379 1177 porum,
401 1091 518 1179 quibus
540 1112 642 1154 causae
660 1113 797 1177 quaeque
823 1091 994 1176 agitantur,
1019 1091 1154 1156 rationes
1175 1094 1355 1180 gubernare

252 1176 400 1242 videntur
407 1196 483 1264 342,
495 1196 524 1262 7.
570 1175 722 1262 είςἈρειον
736 1178 828 1261 πάγον
844 1179 903 1259 ἐμοί
916 1184 1014 1263 ἀγῶνα
1027 1182 1252 1254 κατεσκεύασαν,
1262 1204 1354 1245 accu-

252 1277 361 1328 sarunt
375 1286 426 1329 me
440 1263 526 1352 apud
542 1275 684 1327 senatum
699 1263 973 1351 Areopagiticum,
989 1263 1030 1328 de
1047 1263 1127 1329 falso
1141 1265 1270 1330 crimine
1287 1282 1320 1332 et
1334 1290 1354 1333 a

252 1372 285 1414 se
296 1351 429 1416 conficto
444 1366 598 1436 1025,10.
643 1348 691 1423 ίως
701 1349 735 1412 δι
747 1355 772 1413 σί
784 1354 890 1435 ἀγῶνες
899 1349 1048 1436 γίνωνται,
1058 1349 1157 1416 donec
1167 1375 1270 1418 causae
1279 1377 1353 1418 oon-

252 1450 399 1501 troversae
413 1437 594 1524 disceptatae
607 1434 739 1500 fuissent
756 1452 851 1522 1173,
869 1456 919 1501 1ο.
962 1437 1026 1511 τοὺς
1043 1441 1155 1521 ἀγῶνας
1170 1438 1273 1525 κρίνετε
1289 1443 1353 1527 τρδς

251 1526 304 1598 τοὶς
317 1523 466 1601 ἀποδείξεις
480 1546 589 1588 causas
603 1521 783 1609 dijudicatis
795 1544 855 1622 pro
869 1521 1074 1623 argumentis.
1090 1522 1121 1587 h.
1134 1547 1162 1589 e.
1178 1539 1215 1589 ut
1228 1524 1353 1612 litigan-

251 1606 329 1673 tium
346 1608 492 1696 quisque,
507 1624 563 1675 aut
575 1607 719 1690 certiora,
733 1622 790 1673 aut
803 1610 976 1677 infirmiora
993 1632 1053 1697 pro
1071 1632 1165 1675 eausa
1182 1634 1239 1675 sua
1257 1635 1353 1700 argu-

251 1710 358 1761 menta
381 1695 482 1776 affert,
504 1696 549 1760 ita
567 1717 623 1759 vos
644 1710 700 1760 aut
722 1696 906 1775 secundum,
925 1709 982 1760 aut
1002 1696 1153 1761 adversus
1174 1720 1248 1761 eum
1270 1698 1352 1764 datis

251 1782 435 1847 sententiam
453 1785 550 1868 1467,
566 1802 617 1863 14.
662 1787 698 1858 είς
712 1784 734 1844 δ’
751 1788 850 1866 ἀγῶνα
865 1782 996 1865 (Martis
1010 1780 1120 1861 aleam,
1135 1784 1283 1872 proelium
1299 1785 1353 1850 de-

251 1870 434 1954 cretorium)
450 1873 547 1943 ίκεῑνος
561 1867 669 1949 ἄμεινον
687 1876 763 1950 ἡμῶν
778 1869 899 1947 ἤσκηται
917 1889 990 1949 124,
1010 1889 1023 1933 1
1053 1916 1061 1933 .
1106 1872 1152 1933 τδν
1166 1872 1217 1952 μὲν
1231 1868 1352 1954 πόλεμον

248 1957 390 2042 χαλεπὸν,
403 1957 450 2019 τδν
464 1958 485 2018 δ’
500 1959 601 2041 σὀγῶνα
619 1957 666 2018 τὸν
684 1960 716 2018 ἔκ
729 1960 779 2018 τοῦ
792 1955 915 2038 πολέμου
929 1954 1020 2042 ῥᾴδιον
1027 1885 1152 2020 itellum
1165 1955 1176 2019 i
1216 1978 1270 2020 11111
1285 1981 1352 2022 esse

250 2041 429 2123 molestum,
440 2041 474 2105 h.
485 2064 514 2106 e.
528 2040 774 2106 contributiones
784 2041 990 2129 pecuniarias,
1003 2042 1158 2107 absentias
1171 1979 1278 2123 (limo,
1290 2056 1352 2108 sta

251 2127 350 2194 tiones
368 2142 549 2207 castrenses,
571 2126 683 2193 itinera
703 2127 853 2214 aliasque,
877 2150 957 2215 quas
978 2128 1114 2192 infinitas
1132 2148 1265 2194 numero
1286 2152 1352 2195 mo-

250 2213 354 2279 lestias
363 2213 494 2293 bellum,
503 2214 675 2302 prasertim
686 2213 887 2292 diuturnum,
899 2236 1004 2279 secum
1015 2216 1114 2279 affert.
1133 2215 1231 2302 ipsam
1243 2229 1350 2293 autem

250 2322 404 2405 pugnam,
415 2324 488 2387 quae
503 2314 617 2365 sortem
631 2300 705 2365 belli
716 2300 865 2379 decemb,
876 2299 1057 2365 alterutram
1073 2301 1106 2365 in
1120 2317 1241 2389 partem
1254 2302 1351 2367 victo-

250 2387 327 2451 riam
351 2385 514 2467 inclinans,
540 2410 606 2451 esse
629 2387 723 2452 citam
745 2400 777 2452 et
798 2403 947 2452 exsecutu
966 2387 1086 2452 facilem
1107 2389 1244 2469 180,14.
1289 2392 1351 2464 τοδς

251 2477 364 2558 ἆγῶνας
377 2473 503 2548 ἅπαντας
518 2475 619 2549 οὐδενδς
638 2472 709 2539 οὕτω
728 2473 878 2556 δεομίνοος,
893 2475 929 2549 ῶς
948 2476 1049 2561 ἀνδρῶν
1067 2476 1179 2561 εὀγαθῶν
1200 2477 1273 2555 180,
1299 2479 1350 2541 18.

251 2561 331 2638 ἡνίκα
348 2565 407 2647 γὰρ
422 2566 436 2624 ό
451 2558 528 2645 αἰγῶν
549 2559 610 2648 ίλθη
630 2568 679 2624 τοῦ
696 2559 820 2642 πολέμου
840 2563 932 2646 1396,
950 2581 1000 2647 23.
1045 2562 1092 2625 τδν
1114 2562 1142 2623 δὲ
1160 2562 1225 2649 ὑπὲρ
1243 2569 1292 2625 τοῦ
1311 2567 1350 2643 μὴ

250 2646 378 2730 γενίσθαι
397 2654 490 2710 ταῦτα
510 2652 609 2733 σὀγῶνα
624 2648 708 2732 ἕτεροι
721 2643 814 2732 χαρὶξ
824 2654 900 2729 ἡμῶν
913 2645 984 2725 ἦσαν
997 2647 1169 2729 πεποιημένοι
1184 2648 1352 2712 contende-

251 2747 322 2797 rant
334 2732 536 2813 intercedere,
551 2734 720 2820 quominus
731 2732 792 2797 ista
804 2734 914 2797 fierent
930 2748 1004 2818 295,
1023 2753 1071 2818 13.
1117 2737 1144 2794 ὲν
1164 2737 1203 2820 τῷ
1219 2734 1352 2822 μεγίστῳ

199 2883 202 2890 ,
250 2824 340 2903 ἀγῶνι
353 2821 413 2906 περὶ
432 2820 627 2902 τοῦσώματος
648 2819 811 2898 καθέστηκα
823 2819 856 2883 in
872 2841 1030 2884 summum
1052 2818 1164 2884 deveni
1185 2819 1350 2885 discrimen

250 2905 371 2993 capitis,
386 2928 440 2970 seu
456 2904 618 2986 libertatis,
633 2928 672 2971 ne
686 2906 799 2971 antissa
811 2906 1005 2994 ingenuitate
1019 2928 1078 2994 pro
1092 2906 1246 2995 mancipio
1263 2907 1351 2971 veni-

250 3013 317 3056 rem
338 2994 432 3071 1188,
447 3012 480 3073 4.
523 2993 663 3079 προσδόκα
684 2994 734 3075 irai
754 2993 869 3075 ἑτοίμως
891 2998 918 3056 ἐν
938 2999 1026 3078 σὀγῶνι
1045 2993 1208 3078 γενήσεσθαι
1230 2998 1278 3070 τῆς
1300 2999 1350 3072 σῆς

250 3081 425 3160 δοκιμασίας.
456 3101 639 3166 persuasum
656 3079 714 3143 tibi
727 3079 820 3157 habe,
834 3101 885 3143 me
902 3078 1051 3144 scrutinio
1069 3092 1127 3143 tuo
1149 3077 1282 3142 libenter
1300 3078 1349 3143 in·
1379 3149 1383 3160 ,

250 3164 443 3232 terfuturum
472 3188 548 3244 esse,
572 3188 637 3252 quo
663 3180 810 3253 spectem,
834 3187 929 3252 quem
951 3165 1072 3230 exitum
1098 3163 1132 3229 id
1158 3165 1198 3229 sit
1223 3165 1350 3230 sortitu-

215 3247 220 3254 *
250 3271 322 3315 rum
350 3266 443 3335 1417,
470 3252 610 3316 10.=lrl
632 3256 689 3326 τοῖς
708 3253 846 3335 δημοσίοις
869 3257 965 3337 ἀγῶσι
985 3253 1039 3316 AE.
1059 3272 1088 3330 1,
1107 3270 1156 3315 Ιο.
1199 3252 1349 3337 προδιδόναι

250 3340 327 3402 τδνᾶ
351 3345 418 3401 ῶνα.
433 3360 535 3402 causae
543 3338 805 3425 prosecutionem,
816 3360 873 3425 per
885 3338 1183 3425 prevaricationem,
1194 3338 1350 3417 omittere,

249 3447 294 3511 qu
358 3423 492 3511 pecunia
507 3439 587 3489 esset
606 3438 774 3512 corruptus
795 3426 846 3504 16,
865 3444 914 3510 19.
958 3431 1060 3511 πρᾶσιν
1077 3429 1184 3511 ἀγῶνος
1202 3428 1348 3504 ποιεῖσθαι,

249 3510 384 3575 vendere
406 3532 543 3589 causam,
558 3511 755 3598 praevaricari
773 3512 822 3590 16,
836 3529 886 3579 22.
932 3511 1065 3596 διασύρων
1079 3516 1128 3589 τὴν
1142 3510 1206 3588 ὅλην
1221 3510 1349 3575 ἔνστασιν

248 3603 297 3660 τοῦ
311 3598 417 3680 ἀγῶνος
435 3599 486 3676 18,
501 3613 555 3684 35.
600 3597 808 3679 μεταλλάττειν
830 3599 877 3661 τδν
895 3598 1007 3682 ἀγῶνα,
1029 3611 1209 3662 convertere
1223 3619 1348 3661 causam

250 3682 281 3747 in
301 3684 491 3748 contrarium
512 3702 564 3765 24,
579 3686 633 3770 38.
677 3683 888 3772 παραδέχεσθαι
909 3688 945 3759 είς
962 3686 1025 3758 τοὺς
1042 3685 1156 3768 ἀγῶνας
1173 3685 1228 3757 ἔθος
1246 3683 1349 3747 σίδικοθ·

249 3795 334 3834 τατσν
350 3785 404 3854 25,
421 3788 472 3851 24.
517 3771 732 3854 ἀναγορεύεσθαι
750 3773 777 3832 ἐν
797 3773 854 3845 τοῖς
872 3772 976 3855 σίγῶσι.
1003 3770 1103 3834 victor
1121 3782 1178 3834 aut
1196 3789 1348 3833 coronan-

249 3855 310 3921 dus
332 3855 648 3942 renunciari55,14.
693 3882 770 3920 κατα
796 3856 936 3943 αρίζεσθαι
954 3858 1002 3919 τδν
1021 3858 1120 3940 ἀγῶνα
1136 3858 1190 3934 61,
1205 3856 1236 3919 8.
1281 3859 1349 3918 lra-

249 3947 326 4006 σκεῖν
348 3947 384 4016 τίς
406 3946 444 4005 τὰ
465 3943 693 4021 Παναθηναια,δ
715 3947 751 4019 είς
773 3956 861 4005 αλλον
882 3947 944 4006 τινὰ
965 3950 1020 4007 τῶν
1041 3950 1212 4026 στεφανιτῶν
1233 3941 1349 4025 ἅγῶνων

250 4045 303 4115 79,
328 4047 381 4110 24.
408 4032 461 4095 26.
506 4031 636 4115 γυμνικοὶ
658 4032 764 4115 ἀγῶνες
791 4030 843 4114 83,
870 4047 920 4094 22.
966 4030 1099 4112 οἷτίμητος
1126 4027 1217 4113 οίγῶν,
1243 4051 1346 4108 oeusa,

247 4116 299 4181 cui
325 4115 489 4181 aestimatio
514 4113 601 4179 nulla
626 4138 645 4179 a
666 4113 789 4203 legibus
807 4115 992 4264 praescripta
1013 4128 1060 4180 est
1078 4115 1130 4196 84,
1145 4115 1348 4199 γεστάσεως

247 4202 392 4287 γενομένης
414 4203 463 4267 καί
485 4205 592 4286 ἀγῶνος
610 4203 638 4266 Ι.
661 4216 716 4287 51,
731 4221 762 4288 5.
823 4227 1002 4287 ιαμαρτανειν
1022 4208 1071 4264 τοῦ
1094 4203 1202 4288 ἀγῶνος
1225 4203 1279 4277 61,
1296 4203 1346 4265 26.

248 4294 271 4353 εί
296 4291 357 4373 περί
383 4296 487 4376 μικρῶν
510 4292 574 4370 ἡμῖν
598 4289 645 4351 τόν
673 4291 772 4373 ἀγῶνα
800 4289 992 4352 κατεσκεόακε
1016 4305 1070 4373 74,
1094 4308 1126 4369 4.
1171 4291 1208 4361 εἰς
1233 4290 1347 4370 ἀγῶνας

247 4375 433 4439 καθίστασθαι
453 4377 506 4461 69,
526 4394 576 4441 1ο.
621 4376 668 4439 τδν
693 4378 793 4461 ἀγῶνα
815 4374 926 4438 είσιόναι
948 4375 1099 4457 μέλλοντες
1120 4374 1180 4458 περὶ
1203 4379 1251 4436 τοῦ
1274 4375 1345 4452 κλῆ·

246 4461 292 4547 ρον
308 4460 361 4548 85,
374 4464 520 4546 40.=A,
539 4462 610 4541 116,
621 4481 652 4544 4.
679 4477 752 4548 125,
770 4480 822 4530 21.
867 4465 895 4526 δν
915 4462 1005 4547 ἀγῶνι
1028 4463 1076 4525 καί
1097 4461 1208 4547 κινδόνῳ
1224 4459 1348 4548 μεγάλῳ·
