2984 5000
517 286 839 354 onncmnnrs.
1160 290 1223 375 361

122 456 453 539 86,12.-·οσσεάοεε,
476 459 687 545 supervenire.
719 462 758 522 rol
783 457 893 525 ίναντία
916 456 1094 542 ἑπιγινίμινα
1115 457 1224 537 ίνίνησι.

121 542 255 630 prodest
268 555 303 607 et
317 542 451 608 salutem
464 544 556 609 affert
570 544 737 610 succedens
750 544 847 631 priori
860 543 1031 609 conditioni
1045 566 1151 609 rerum
1165 544 1227 608 alia

121 651 219 707 nova,
235 629 287 693 isti
306 628 463 694 contraria
483 631 527 693 A.
547 634 619 708 116,
636 631 911 717 28.=rapuibssypa
931 633 988 703 τοῖς
1009 629 1226 715 έπιγιγνσμένυνς

123 714 190 801 Ly.
210 734 284 799 149,
299 731 333 800 5.
372 716 445 799 158,
467 716 498 779 8.
536 734 610 801 159,
630 716 905 801 21.;παράὸειγμοι
928 718 985 790 τοῖς
1009 714 1226 802 ἐπιγιγνομένοις

121 800 259 887 posteris
273 803 455 875 καθιστάντες
470 802 514 864 D.
530 803 604 879 108,
621 820 672 866 12.

122 884 363 1036 Αὲνιιγινιίόσιιιιν
386 885 550 967 noscitare,
577 886 741 975 diligentia
768 884 966 974 inspectionis
993 884 1227 972 deprehendere

158 993 192 1036 n.
254 1018 263 1049 ,
303 1019 311 1034 .

167 991 335 1142 &sipisim
353 1077 472 1136 censor,
487 1056 666 1134 aestimator,
681 1056 808 1121 arbiter.
831 1061 879 1134 τῆς
893 1060 974 1137 τιμῆς
987 1055 1080 1141 pretii
1094 1062 1142 1119 τοῦ
1155 1082 1225 1121 παιύ

123 1144 167 1216 δίς
181 1144 261 1291 9178,
279 1141 540 1290 11.=8inspeetor.
561 1142 750 1229 ίπιγνυίμονας
764 1141 915 1225 πέμποντες
932 1144 992 1205 καθ’
1007 1140 1125 1206 ἕκαστον
1139 1145 1227 1207 ένιαυ·
1246 1194 1250 1201 .

123 1230 172 1290 τὸν
225 1274 233 1291 .
253 1245 314 1292 110
341 1245 360 1293 2
385 1274 392 1290 .

168 1274 354 1398 islypapp'oe]
373 1311 587 1396 έτιγράμματος
602 1315 629 1375 έν
642 1316 700 1387 τοῖς
712 1314 834 1399 Ἑρμαῖς
848 1311 1005 1396 τυγχάνειν
1018 1330 1096 1396 491,
1109 1330 1140 1391 4
1170 1316 1228 1376 ἐνι-

122 1399 293 1484 γρᾶμματιι
306 1403 355 1473 τῆς
368 1397 472 1472 πέλτας
494 1397 597 1461 ἀννλιέν
618 1400 654 1472 νίς
676 1402 755 1461 καλοὶ
776 1399 824 1461 καί
845 1399 957 1476 ζηλωτὰ
972 1401 1049 1459 κατὰ
1062 1400 1165 1473 παντδς
1177 1404 1227 1461 τοῦ

121 1484 229 1569 χρόνου
245 1485 322 1566 615,
338 1503 410 1569 pen.
454 1485 520 1568 πρὸς
542 1484 692 1569 τριάκοντα
714 1490 788 1565 μνῶν
809 1480 978 1566 ίπίγραμμα
1001 1483 1067 1565 ὑπὲρ
1090 1483 1228 1547 τοσούτων

121 1570 286 1656 χρημάτων
297 1573 333 1643 νίς
347 1574 476 1632 τυσοῦτον
487 1572 587 1653 ἇγῶνα
601 1568 786 1649 καίέσταμιν.
801 1568 834 1631 in
843 1567 1009 1632 discrimen
1023 1566 1149 1632 mulctae
1162 1580 1228 1633 tam

123 1653 264 1718 enormis
277 1653 453 1742 pendendas
470 1654 653 1718 devenimus
669 1654 713 1718 ob
726 1653 895 1731 lesionem,
914 1653 1007 1740 cujus
1026 1652 1072 1716 rei
1091 1654 1226 1741 agimur,

123 1762 201 1826 quae
214 1740 312 1816 lano,
327 1754 424 1827 prout
440 1740 507 1826 ipse
517 1738 641 1805 libellus
654 1738 841 1804 accusatoris
855 1760 923 1803 eam
938 1738 1113 1817 aestimavit,
1128 1739 1229 1827 pluris

123 1846 191 1889 non
214 1839 275 1905 est,
321 1848 393 1890 uam
417 1824 540 1889 dimidii
562 1824 671 1890 talenti
693 1826 769 1910 985,
791 1844 840 1890 11.
874 1823 950 1888 esti
974 1823 1038 1889 ‘tur
1057 1826 1228 1910 ἐπίγραμμα

124 1911 257 1990 taxatio,
273 1849 324 1975 vil
345 1911 510 1975 aestimtic
523 1910 630 1975 damni
652 1933 672 1975 a
692 1933 746 1974 reo
759 1910 930 1975 accusatori
993 1910 1017 1974 ti
1038 1908 1135 1975 literis
1156 1934 1229 1975 con-

123 1996 347 2084 signata=t=²
362 1996 510 2084 αίσχίστιρ
524 1996 721 2082 ίπιγράμματι
736 1995 888 2075 1ἐξέκειτο
898 1996 1046 2080 έμσροσθιν
1060 2005 1115 2060 τῶν
1129 1997 1229 2061 botri·

203 2084 232 2147 1.
339 2102 370 2146 0.

122 2100 346 2254 μαέπιγρὶέῖέιέ]
373 2168 497 2249 φυσηθεὶς
511 2172 525 2230 l
540 2167 707 2240 Παυσανίας
721 2165 880 2252 έπέγραίνεν
898 2171 934 2240 είς
950 2168 998 2230 τὸν
1010 2165 1126 2250 τρίποδα
1138 2167 1186 2230 τίν
1201 2169 1228 2230 ίν

125 2259 249 2335 Δελφοῖς
267 2255 362 2339 1378,
380 2273 406 2316 1.
450 2254 616 2339 ἠνάγκασαν
629 2253 728 2326 αὐτοὺς
742 2252 919 2328 έκκέψαντας
933 2256 970 2315 τά
985 2255 1099 2335 ἐλεγεῖα
1112 2251 1229 2338 {calypti-

124 2340 183 2415 νίκαν
197 2345 251 2415 τὰς
263 2339 358 2414 πέλοις
371 2343 423 2413 τοὶς
438 2338 616 2425 κοινωνούσας
629 2344 678 2400 τοῦ
693 2337 775 2422 ίργου
793 2337 888 2422 1378,
908 2355 958 2403 12.
995 2336 1032 2421 b)
1047 2335 1133 2400 litem
1147 2337 1230 2402 oesti-

124 2446 226 2497 mare,
239 2446 313 2489 cum
335 2437 422 2489 actor
441 2424 474 2488 in
495 2423 600 2488 libello
623 2423 815 2487 accusatorio
839 2421 957 2487 indicat
981 2422 1059 2509 ipse,
1076 2436 1228 2510 quautam

124 2511 279 2576 mulctam
294 2510 352 2576 sibi
368 2511 482 2576 debere
496 2533 569 2575 reus
582 2509 735 2574 videatur.
755 2509 835 2574 ἄλλα
849 2510 897 2572 καί
910 2516 965 2572 τῶν
979 2509 1229 2595 ἐπιγεγραμμέναι

125 2597 274 2680 ὅτίμησαν.
298 2597 355 2662 sed
369 2597 462 2662 etiam
479 2596 627 2661 mulctam
642 2595 670 2660 ei
685 2595 864 2682 irrogarunt
875 2617 957 2672 eam,
994 2616 1068 2659 narn
1084 2618 1145 2681 ego
1158 2617 1230 2660 mco

124 2681 160 2746 iu
175 2683 283 2748 libello
295 2683 487 2748 accusatorio
500 2682 708 2747 indicaveram
723 2684 800 2764 847,
815 2694 846 2762 7.
873 2680 913 2743 In
929 2619 1032 2745 micilo
1044 2702 1166 2760 curare,
1178 2679 1229 2745 vel

170 2769 207 2847 ti,
222 2784 333 2834 auctor
350 2793 428 2847 esse,
443 2784 481 2834 ut
494 2793 514 2834 a
526 2767 795 2834 commentariensi
813 2765 947 2853 alicujus
960 2789 1073 2831 nomen
1086 2765 1120 2829 in
1135 2766 1228 2831 tabu·

179 2855 327 2941 publicis,
341 2854 392 2919 vel
406 2855 438 2918 in
453 2854 558 2920 libello
576 2853 778 2932 accusatorio,
799 2852 963 2932 scribatur,
986 2852 1074 2916 velut
1097 2852 1230 2917 subscri-

125 2941 240 3027 ptoris,
267 2955 324 3005 aut
344 2941 438 3006 testis.
470 2944 515 3004 έπ.
538 2946 662 3024 κλητῆρα
684 2954 830 3024 542,19.
874 2939 1057 3022 ἐπεγράψατο
1078 2941 1229 3023 rubranti

126 3027 317 3113 διαμαρτυρίᾳ
335 3041 427 3113 1097,
445 3028 475 3089 6.
494 3046 542 3111 13.
588 3031 713 3111 κλητῆρα
727 3027 791 3087 κατ’
807 3026 873 3103 ἐμοῦ
887 3024 934 3085 τὸν
948 3022 1065 3104 ἀδελφὸν
1080 3021 1231 3108 ἐπιγράφε-

125 3137 177 3174 ται
197 3130 236 3176 12
237 3128 294 3197 51,
307 3128 339 3197 5.
384 3113 564 3194 ἐμβάλλεται
585 3111 740 3195 μαρτυρίαν
761 3111 846 3186 ψευδῆ
859 3107 908 3172 καί
925 3109 1109 3193 ίπιγράφεται
1123 3108 1231 3191 μάρτυ-

125 3223 179 3283 ρας
199 3199 295 3275 1266,
314 3216 365 3281 17.
412 3197 637 3282 ἐπιγραψάμενος
651 3198 695 3258 iel
706 3198 737 3258 τὸ
753 3195 887 3280 έγκλημα
901 3192 1029 3257 Βοιωτόν.
1051 3214 1126 3257 cum
1137 3194 1231 3257 Boo-

127 3296 199 3347 tum
215 3282 308 3347 scribi
322 3305 412 3346 reum
427 3281 459 3345 in
472 3282 578 3346 forum
592 3281 753 3345 citandum
766 3300 922 3345 curassem
942 3302 962 3343 a
980 3278 1081 3343 scriba
1103 3277 1231 3364 publico

126 3368 160 3431 in
176 3368 284 3434 libello
298 3390 369 3432 meo
382 3367 573 3432 accusatorio
590 3386 684 3453 1013,
704 3385 753 3429 10.
795 3373 852 3429 τῶν
866 3357 1088 3449 ὄτιγραφομέναν
1101 3367 1164 3438 ταῖς
1176 3367 1230 3429 ἆλ-

126 3454 254 3539 λοπρίαις
268 3454 406 3536 γνώμαις.
428 3455 483 3540 qui
497 3451 657 3517 sententiis
669 3451 777 3516 alienis
789 3449 916 3515 inscribi
929 3473 963 3514 se
976 3449 1064 3514 velut
1077 3461 1230 3530 auctores,

126 3554 187 3603 aut
207 3539 429 3625 suffragatores
448 3539 613 3626 patiuntur
629 3553 723 3623 1359,
742 3554 790 3620 17.
834 3536 872 3622 b)
896 3536 1122 3624 ἐπιγραψάμενος
1141 3533 1231 3619 κόριον

125 3628 177 3689 τὸν
201 3626 319 3705 ἀδελφὸν
349 3631 446 3689 ἑαυτοῦ
474 3648 534 3712 pro
562 3622 701 3731 legitimo
729 3621 845 3687 herede
874 3621 966 3686 scribi
993 3643 1106 3686 curans
1137 3640 1232 3705 1054,

131 3711 185 3773 18.
231 3714 262 3773 οὐ
281 3715 340 3797 γὰρ
358 3708 392 3772 σίν
412 3710 486 3788 ξένον
507 3711 556 3773 καί
576 3714 653 3788 ξινην
672 3710 735 3782 τοὺς
758 3712 878 3791 ἐμαυτοῦ
892 3708 990 3791 γονέας
1005 3707 1231 3789 έπιγραψάμενος

130 3815 228 3882 1314,
253 3798 304 3862 26.
348 3800 381 3879 c)
403 3818 463 3883 pro
487 3794 618 3905 simplici
645 3793 772 3880 γράφειν.
798 3793 852 3880 droa
875 3791 1114 3877 ἐπιγεγραμμένον
1138 3791 1176 3869 τίη
1199 3792 1231 3854 rb

126 3881 560 4032 illf'dlllltlil:
582 3881 711 4032 888
733 3880 928 4029 biiii·
955 3878 1010 3942 ⁰¹¹³
1032 3876 1233 4029 ffl'l

131 4072 182 4119 12.
212 3991 262 4139 pu
265 4016 363 4133 1241:
389 4067 439 4136 17.
483 4067 531 4118 est
557 4053 667 4118 eadem
684 3987 796 4115 ⁸‹itiipre
824 3983 1231 4137 simplieiioeiqbpapptmiss

128 4139 294 4224 έπιγράφειν
317 4144 355 4201 τὰ
379 4138 508 4222 μέγιστα
534 4140 669 4222 ἐπιτίμια·
706 4137 746 4201 de
770 4134 946 4222 legislatore
971 4135 1152 4200 criminibus
1179 4157 1234 4198 soe-

126 4246 185 4288 vas
214 4247 326 4311 poenas
353 4225 511 4310 irrogante
540 4226 597 4290 AE.
621 4245 654 4311 3,
678 4240 710 4306 7.
760 4221 872 4302 τίμημα
895 4222 1096 4308 ίπιγράρισθαι
1119 4219 1234 4286 dicitur

126 4324 303 4389 accusator,
333 4333 407 4374 cum
440 4324 531 4375 curat
559 4334 578 4375 a
605 4310 791 4399 magistratu
823 4307 929 4373 libello
958 4330 1016 4372 suo
1043 4305 1235 4372 accusatorio

126 4393 266 4461 adscribi
280 4397 362 4461 hanc
379 4396 572 4472 clausulam
596 4397 652 4484 qui
674 4419 712 4461 ea
731 4396 767 4460 iu
785 4417 884 4459 causa
904 4393 1076 4482 judicaturi
1099 4392 1162 4457 sint
1178 4391 1234 4477 ju·

126 4481 227 4562 dices,
236 4507 292 4548 eos
301 4497 458 4569 oportere,
470 4505 534 4548 non
547 4497 670 4547 tanmm
684 4483 744 4547 hoc
755 4480 910 4568 judicare,
920 4480 1000 4544 sitne
1010 4501 1083 4543 reus
1092 4478 1235 4543 incusato

127 4567 252 4634 crimini
268 4568 438 4650 obnoxius,
452 4570 507 4635 sed
521 4568 627 4651 etiam
637 4593 710 4656 quae
724 4568 754 4633 ei
768 4589 863 4655 poena
878 4566 917 4632 sit
931 4565 1099 4653 irroganda
1112 4565 1182 4652 lege
1194 4562 1235 4627 de
1277 4570 1286 4595 ’-
