2984 5000
442 311 444 316 ·
518 277 835 344 nunciatus.
1156 302 1223 373 33,

121 441 252 530 ὅσοισπερ
277 445 396 521 ἐυαστος
416 452 491 530 ὑμῶν
511 449 693 531 ἐξητασμένος
718 450 843 530 ραένοται
869 468 963 538 1305,
981 451 1039 518 ult.
1084 456 1218 533 ἐξητάσθη

120 531 181 615 αερέ
207 531 311 595 τοῦτονν
332 534 421 614 μηῦιές
446 532 529 616 λῦγος
557 539 651 618 1'307,
669 555 697 599 1.
741 538 894 614 ἐξοτασθιές
917 541 1035 619 οὐδαμοῦ
1053 540 1162 605 τῶτοτο
1182 548 1218 618 οῦς

119 617 195 694 ξένος
210 633 369 701 1307,1ο.
392 616 450 703 ἐγοῦ
463 620 491 681 δέ
506 624 536 682 ου’
550 619 630 701 μόνον
645 620 804 703 φανήσομαι
820 622 901 697 αῦτῦς
917 623 1099 706 ἐξητασμένος
1111 636 1217 711 πρῶτος

120 722 173 765 me
187 701 314 768 meimet
333 703 455 792 copiam
472 703 590 786 fecisse,
605 708 629 770 I
639 727 704 769 οοοι
717 706 854 792 tltcfirsl
868 716 899 771 to
912 710 1003 772 mulce
1016 733 1070 797 my
1082 734 1217 799 appear.

118 808 209 867 auce,
234 803 374 855 versatus
393 790 475 854 inter
492 790 620 877 primos,
643 795 723 854 ἀλλὰ
749 795 797 855 καέ
821 794 883 867 τοὺς
908 791 1010 870 ἄλλους
1038 815 1216 882 παρακεκλη-

119 872 176 949 aa,
195 891 289 957 1470,
305 876 336 940 8.
363 878 525 962 1469,16.
567 877 650 959 μῦνου
665 884 718 940 τῶν
737 876 801 940 τῦτο
815 878 930 964 ρητόρων
949 880 1129 957 ἐξντίισαντος
1149 887 1215 964 ἐμοῦ

118 964 158 1023 τοὶ
180 961 247 1044 ῦτέρ
268 966 343 1042 ῦμὸνν
364 961 459 1026 δίκαια
482 965 576 1047 1469,
600 980 652 1030 11.
695 964 800 1025 τοιαῦτ’
824 964 899 1027 ἐστὶν
921 968 961 1046 ἐφ’
984 965 1021 1040 οῦς
1046 968 1215 1051 ἐξηταζόμην

118 1047 186 1130 ῦτέρ
201 1050 276 1128 ῦμοῦν
293 1048 386 1128 1468,
402 1068 453 1112 11.
479 1051 572 1134 1476,
587 1062 635 1132 15.
665 1050 730 1133 τρές
744 1048 974 1134 Ἀριστογείτονα
988 1055 1105 1131 ἐμαυτὸν
1120 1056 1215 1132 ἐξιτοῖ-

119 1133 174 1213 ζοιν
188 1154 378 1219 comparare,
393 1132 517 1221 exigere
538 1133 632 1218 1485,
654 1149 703 1216 17.
747 1139 796 1195 τοῦ
811 1135 961 1202 βελτίστου
975 1136 1023 1198 καὶ
1038 1139 1212 1204 δικαιοτάτου

117 1215 200 1279 ἕνεκα
214 1220 391 1300 ἐξητασμένη.
415 1235 605 1306 comparata,
622 1217 809 1305 excogitata,
825 1218 1002 1307 (disciplina
1023 1221 1211 1308 Platonica)

121 1318 287 1388 1490,15.
307 1319 340 1368 et
358 1304 401 1369 sic
415 1328 543 1392 quoque
554 1328 588 1392 p.
602 1323 678 1387 471,
694 1327 766 1391 pen.
804 1307 897 1369 πάντα
919 1309 1093 1389 ἐξητασμένα
1116 1310 1158 1373 ἐπὶ
1178 1316 1211 1373 τέ

116 1388 488 1477 &tentamentum
502 1391 597 1472 ἕξομεν
610 1392 672 1465 τοῦς
689 1396 913 1475 παρανομοῦντας
933 1391 1068 1472 ignotus
1083 1394 1139 1458 Ε.
1157 1411 1209 1478 17,

116 1472 176 1538 ult.
221 1475 340 1557 ἐξπάζιο
359 1477 406 1539 τὸν
426 1475 535 1563 τρόπον,
556 1498 656 1540 mores
677 1489 782 1562 specto
798 1476 853 1557 64,
866 1479 1140 1562 41.εέξετοἰζισθαι
1155 1488 1210 1545 τῶν

115 1562 231 1642 ἀγαθῶν
245 1561 292 1634 νῙς.
317 1559 351 1625 in
372 1561 462 1626 bonis
483 1561 639 1626 numerari
661 1564 728 1625 An.
745 1579 799 1645 19,
816 1568 962 1627 10.τ..-τοῦ
976 1566 1023 1640 τὴν
1037 1571 1087 1627 τοῦ
1101 1567 1210 1651 ῥήτορος

112 1645 241 1724 βοήθειαν
254 1648 302 1710 ital
317 1647 428 1728 δύναμιν
439 1649 630 1730 ἐξτταζομένην
643 1644 755 1727 ιῖῦομιν.
777 1669 842 1710 sese
856 1647 1077 1734 proferentem,
1091 1650 1124 1714 in
1138 1673 1211 1716 0011-

114 1746 259 1817 spectum
273 1731 480 1819 prodeuntem
496 1734 542 1797 D.
560 1752 631 1817 103,
649 1750 700 1797 12.
784 1737 789 1754 ⁵

160 1817 301 1906 ἐξέτασις]
324 1823 418 1882 τᾶσαν
446 1818 573 1899 ἐξέτασιν
600 1819 743 1899 λάμβανε.
779 1820 810 1884 οῦ
836 1825 1026 1903 παραιτοῦμαι
1054 1823 1131 1907 308,
1158 1838 1207 1908 15.

111 1922 193 1990 499,
212 1924 262 1968 11.

158 1991 324 2076 ἐξετασμὸς]
349 1996 396 2069 τῆς
418 1990 552 2078 ημττέρας
574 1991 675 2078 ἔχθρας
696 1991 801 2054 δίκαιον
823 1988 854 2068 ἦν
875 1996 948 2073 ἡμᾶς
969 1993 1008 2074 ἐφ’
1023 2000 1098 2074 ἡμῶν
1117 1998 1207 2058 mitris

112 2075 161 2138 τὸν
175 2078 327 2158 ἐξετασμὸν
340 2081 485 2141 πονεῖσθαι.
511 2100 639 2164 aequum
657 2092 735 2166 erat,
749 2099 806 2140 nos
820 2089 995 2140 nostrarum
1012 2076 1206 2143 simultatum

110 2158 196 2224 inter
210 2183 266 2225 uos
277 2161 504 2227 dimicationem
514 2163 627 2242 facere,
638 2163 860 2260 fortunamque
873 2162 1016 2226 odiorum
1029 2175 1206 2229 nostrorum

110 2259 309 2328 mutuorum,
323 2248 355 2312 in
371 2248 523 2314 nobismet
537 2249 624 2336 ipsis,
639 2270 701 2314 non
716 2248 749 2312 in
763 2247 830 2311 aliis
849 2247 1026 2335 periclitari.
1063 2250 1205 2336 Exponit

109 2347 219 2398 mator
232 2332 299 2420 ipse
312 2334 345 2398 in
358 2334 502 2422 proximo
516 2340 580 2421 πρὸς
593 2335 733 2411 ἀλλήλους
747 2334 930 2418 ἀγωνίζεσθαι
946 2351 1019 2419 130,
1037 2353 1086 2413 14.

156 2422 305 2498 ἐξεταστὴς
319 2429 373 2483 τῶν
386 2419 479 2498 ξέναν,
493 2419 648 2508 inspector
667 2434 699 2484 et
716 2441 823 2483 censor
845 2417 978 2483 militum
1001 2420 1203 2485 mercenario

108 2527 195 2580 rum,
206 2506 262 2592 qui
276 2507 388 2571 missus
400 2521 459 2585 est,
473 2529 538 2593 quo
551 2506 668 2586 videat,
679 2527 826 2571 omnesne
839 2504 954 2581 adsint,
968 2527 1049 2592 quos
1063 2507 1204 2571 mercede

109 2591 264 2655 oooduxit
284 2591 469 2678 respublica,
485 2607 516 2657 et
531 2592 633 2656 sintne
645 2614 753 2657 omnes
772 2591 851 2656 bene
870 2590 1016 2667 valentes,
1031 2605 1062 2655 et
1083 2591 1203 2679 integre

108 2677 223 2741 armati
237 2679 292 2742 AE.
312 2681 362 2756 16,
378 2695 410 2761 7.
454 2681 603 2757 ἐξεταστὴς
621 2677 700 2742 liber
719 2691 786 2741 erut
804 2699 824 2740 a
842 2676 961 2755 militia,
978 2690 1010 2740 et
1024 2678 1203 2744 necessitate

107 2761 142 2826 in
156 2776 258 2828 eastra
271 2762 406 2828 exeundi
420 2779 474 2849 51,
491 2782 520 2830 1.
536 2762 617 2828 conf.
632 2762 798 2828 Demosth.
814 2785 847 2848 p.
859 2779 913 2846 97,
931 2783 959 2826 1.
974 2761 1023 2826 ed.
1039 2763 1140 2828 Paris.

153 2850 341 2929 ἐξιταστνιιῦν,
361 2848 423 2915 scil.
446 2850 587 2935 ἀργύριον,
601 2847 684 2913 idem
706 2863 764 2925 est,
780 2861 817 2910 ut
834 2846 968 2926 videtur,
991 2861 1086 2934 atque
1106 2850 1202 2930 μισθὸς

106 2940 158 3007 τοῦ
173 2937 361 3014 ἐξοτάζοσθαι,
376 2935 409 3000 id
423 2950 471 3000 est
483 2941 532 2999 τοῦ
546 2939 671 3022 ταριῦναι
685 2937 734 2998 καὶ
749 2935 863 3015 ῦροῖσέαι
878 2935 905 2994 ἐν
918 2935 997 3018 μέσορ
1011 2934 1199 3016 στρορόμινον.

107 3041 227 3085 merces
236 3019 310 3085 deta
323 3021 443 3087 civibus
456 3019 610 3099 invalidis,
622 3021 677 3107 qui
690 3017 826 3084 emeritis
840 3017 1010 3115 stipendiis,
1023 3041 1108 3082 arma
1120 3019 1201 3084 ferre

106 3118 141 3169 et
162 3105 271 3171 munia
289 3108 455 3172 castrensia
468 3106 554 3172 obire
571 3129 632 3170 non
648 3106 785 3170 valentes
798 3103 943 3191 amplius,
957 3104 990 3167 in
1003 3104 1084 3169 'urbe
1098 3127 1202 3169 mane-

106 3206 191 3270 rent,
207 3190 250 3256 sic
266 3191 360 3272 dicta,
375 3192 521 3280 quonism
544 3194 714 3272 ἐξητάζοντο,
733 3203 849 3276 proesto
869 3205 982 3269 essent,
997 3191 1117 3277 copiam
1139 3191 1200 3270 sni,

104 3276 232 3364 quoties
251 3301 328 3344 usus
347 3293 380 3343 et
398 3277 561 3345 necessitas
574 3292 663 3356 esset,
678 3277 816 3341 facerent
829 3273 1070 3363 magistratibus.
1086 3298 1200 3341 merces

99 3365 379 3451 praermtioe167,
398 3382 448 3448 17.

150 3452 348 3536 ἐξεταστικῶς]
372 3453 435 3525 τοῦς
448 3450 593 3537 ταρέργοος
607 3450 737 3528 ἐνταυθοῖ,
753 3451 819 3514 ἀλλ’
835 3453 884 3512 οῦκ
901 3451 1086 3526 ἐξεταστικῶς
1100 3452 1201 3525 ἐκκλη-

103 3535 264 3618 σιάζοντας.
287 3557 350 3600 nou
374 3559 446 3601 cum
467 3536 629 3625 proposito
652 3535 819 3622 diligenter
839 3548 871 3598 et
895 3556 1000 3598 severe
1024 3533 1199 3622 pensitandi

104 3619 234 3684 consilia
246 3620 280 3684 in
293 3621 439 3687 concione
453 3621 571 3709 agitata
586 3639 661 3705 215,
677 3641 709 3705 9.

148 3707 313 3787 ἐξουρέσκιιν
332 3707 529 3773 comminisci.
549 3706 730 3772 meditando
742 3705 899 3793 indagare.
929 3705 1077 3790 προφάσιος
1090 3703 1199 3777 ἂῦέκους

103 3790 218 3875 ἐξουροέν
240 3806 314 3877 151,
330 3795 361 3859 6.
405 3798 456 3868 τοὶς
477 3793 564 3857 εἴκοσι
585 3797 653 3872 μνοῖς
676 3792 798 3856 ἐνέλουον
819 3795 903 3867 αῦτην
924 3795 1085 3875 ἐξευροῦσαν
1107 3792 1199 3863 αὐτοῖς

102 3879 262 3941 ἐπιδοῦναι.
298 3888 330 3943 to
343 3882 439 3958 ruite,
454 3889 485 3945 to
498 3880 626 3966 acquire
640 3878 715 3942 reith
728 3877 857 3941 trottdlc.
879 3875 974 3952 unde,
987 3874 1071 3938 unde
1084 3886 1200 3938 extun-

101 3960 180 4033 dere
197 3981 291 4047 1354,
304 3967 481 4047 17..τ.αῦτῦς
494 3970 604 4050 σιαυτῷ
617 3965 677 4038 τοὺς
688 3962 782 4043 νόμους
793 3961 903 4047 ἐξουροέν
912 3964 956 4025 Α.
973 3980 1044 4045 130,
1053 3979 1108 4044 37.
1125 3976 1197 4044 131,

101 4050 269 4145 39εᾼυ.
287 4068 338 4133 17,
352 4052 471 4136 3.=L.
487 4070 540 4135 93,
557 4070 588 4133 9.
619 4046 731 4134 ἐξευρὼν
745 4047 776 4110 οῦ
790 4048 957 4129 &termium
971 4064 1025 4129 97,
1042 4063 1074 4127 7.
1097 4064 1151 4129 99,
1165 4047 1198 4108 6.

101 4148 292 4220 excogitare,
307 4136 495 4201 comminisci
514 4155 586 4215 112,
600 4154 656 4216 40.
699 4131 743 4207 οῦς
766 4132 948 4218 ἐξιυρέσκοιμι
967 4131 1110 4194 Δικολέοον
1127 4131 1198 4207 166,

100 4233 157 4302 37.
185 4219 327 4305 ῥροτῶνην
341 4225 445 4307 ἐξεῦρον
460 4229 494 4297 ιές
509 4226 559 4295 τοές
573 4222 646 4293 ὁδοὺς
663 4221 736 4304 169,
755 4237 806 4283 10.
827 4218 901 4295 δίκην
911 4217 952 4281 fr.
964 4235 994 4295 1,
1011 4237 1035 4280 1.
1057 4221 1105 4294 την
1119 4214 1199 4301 θῦραν

99 4325 154 4390 ap.
167 4304 257 4370 Suid.
272 4307 306 4369 in
320 4306 383 4381 οέος.
402 4307 547 4372 Tuscos
563 4305 666 4371 locum
704 4324 736 4389 9,
749 4322 801 4369 21.
824 4318 1004 4390 suspectum
1017 4302 1123 4367 habet.
1156 4302 1200 4375 ἐξ-

101 4388 237 4472 opicum
253 4393 316 4456 κατ’
332 4395 452 4474 ἐμαυτοῦ
465 4393 598 4478 πρόνοιαν.
627 4390 668 4456 ad
691 4412 746 4454 ens
761 4389 787 4453 si
801 4412 883 4455 sarta
892 4391 936 4453 1ῦί
945 4389 1041 4453 netto.
1069 4383 1201 4452 Estuti·

100 4496 177 4560 que.

141 4581 272 4626 omn.
287 4582 367 4627 Αττ.
671 4585 688 4626 z
