2984 5000
518 275 828 342 onncmsms.
1158 285 1220 362 ις,

121 448 318 538 περιποιεῖσθαι
333 451 410 534 παρὰ
423 455 472 513 ποῦ
485 448 600 526 πλῆθοος
615 447 706 527 δόξαν,
721 449 758 523 ὥς
777 449 830 513 είσί
848 445 987 531 δημοτιαοδ
1010 450 1082 531 164,
1099 469 1128 533 9.
1171 455 1220 531 uls

121 542 171 612 τῆς
184 535 291 610 πόλεας
305 536 386 613 δόξαν
400 539 522 621 ἀφορμὴν
537 535 610 620 έχων
625 535 674 598 καὶ
687 535 808 615 τοῦνομα
825 551 899 616 171,
916 552 969 602 22.
1012 534 1093 614 δόξαν
1109 535 1220 622 ὄαφέρεο

124 625 189 687 σθαι
203 629 252 685 τοῦ
267 623 354 684 δοκεῖν
367 618 397 684 εὖ
420 620 514 705 λέγειν
531 621 604 703 178,
619 636 650 703 7.
694 624 743 685 οὖν
766 621 826 683 έοτι
846 620 976 706 χαλεπόν
997 620 1077 698 δόξαν
1098 623 1221 707 ἀνδρείας

125 711 225 787 λαβεῖν
242 708 315 784 180,
331 707 362 770 8.
399 710 451 779 τὰς
464 709 541 791 παρὰ
561 715 615 770 τῶν
636 706 846 785 διαβαλλόντων
866 708 914 783 τὴν
935 705 1014 770 πόλιν
1035 707 1220 787 βλασφημίας

126 794 200 881 έργορ
214 798 288 877 μετὰ
303 792 378 871 δόξης
394 799 482 867 καλῆς
496 791 691 855 ἀπολύσασθαι
710 812 783 874 191,
802 811 853 857 10.
889 792 932 854 ἇεδ
946 793 1006 875 περὶ
1019 793 1157 877 πρατείοον
1171 796 1220 858 καὶ

125 885 207 962 πιμῇς
223 881 271 942 ital
287 878 362 956 δόξης
381 878 581 963 ἀγωνιζομένην
602 883 650 954 την
671 876 792 962 πατριδα
815 896 888 960 247,
903 892 935 964 5.
979 876 1051 942 &n
1072 884 1113 964 τῷ
1134 886 1221 965 λοιπῷ

125 970 200 1047 μττά
215 971 295 1046 τιμῆς
310 965 358 1027 sal
373 965 448 1041 δόξης
463 969 508 1050 ζῇν
524 980 598 1046 247,
618 979 666 1048 15.
700 967 763 1042 ὑμῖν
776 967 814 1026 τά
830 964 987 1041 κάλλιστα,
1003 962 1115 1041 έπαινοι,
1131 966 1220 1044 δόξαι,

126 1052 219 1134 τιμαὶ,
234 1053 374 1131 στέφανοι,
388 1052 516 1135 χάριτες,
531 1054 608 1132 παρὰ
621 1058 675 1113 τῶν
690 1048 719 1113 εὖ
734 1049 900 1112 πεπονθότων
917 1049 1058 1133 ίγίγνονπο
1079 1070 1152 1138 252,
1171 1071 1220 1116 10.

125 1136 190 1200 ἀνευ
204 1143 253 1200 τοῦ
268 1139 357 1213 καλὴν
372 1138 451 1212 δόξαν
470 1140 597 1220 ἐνεγκεῖν.
640 1149 851 1221 praeterquam
873 1134 961 1222 quod
982 1134 1133 1222 insignem
1153 1137 1222 1223 glo-

127 1222 205 1286 riam
220 1220 325 1286 attulit
343 1236 416 1306 255,
434 1241 485 1285 10.
510 1228 540 1284 οό
551 1223 709 1302 φοβηθέντες
723 1226 772 1299 τὴν
786 1221 848 1284 τότε
863 1220 998 1302 Θηβαίαν
1012 1225 1103 1306 ῥώμην
1115 1226 1164 1287 nal
1179 1222 1222 1288 δό-

127 1312 180 1386 ξαν
194 1308 376 1393 ιἰπάρχοιισαν
392 1323 466 1392 259,
485 1327 511 1371 1.
556 1314 588 1392 τῇ
602 1306 680 1370 πόλει
694 1306 709 1383 ἦ
723 1306 818 1385 πλέον,
833 1306 848 1385 l]
863 1306 979 1371 έλαττον
992 1308 1103 1393 ἀνάγκη
1117 1315 1172 1373 τῶν
1185 1336 1222 1395 γε

127 1393 249 1480 δημοσίᾳ
262 1394 461 1479 πεπραγμένων
474 1396 594 1473 μετεῖναι
608 1398 656 1468 τῆς
670 1392 746 1471 δόξης
762 1395 836 1478 269,
853 1393 882 1456 8.
926 1392 956 1470 ἧς
970 1393 1020 1475 μὲν
1035 1392 1133 1459 οίκοθνν
1147 1396 1221 1474 ilud

128 1479 240 1562 έχονπες
254 1479 330 1556 δόξης
343 1480 403 1565 περί
418 1486 492 1559 ἡμῶν
512 1483 654 1560 ἀμελῆσαι
677 1498 753 1564 303,
769 1496 819 1542 20.
863 1477 1028 1555 μεταθέσθαι
1050 1479 1152 1555 παόπην
1172 1484 1222 1559 τάν

128 1566 208 1642 δόξαν
223 1568 307 1644 ἀξιῶν
321 1569 394 1647 ὑμᾶς
406 1583 483 1650 304,
496 1584 528 1649 3.
559 1570 656 1640 κτῆσιν
667 1563 811 1643 niveloni]
830 1564 905 1641 δόξης
922 1565 1000 1649 328,
1017 1564 1074 1630 1111.
1098 1573 1178 1630 τοῦτο
1193 1568 1221 1631 li

129 1652 217 1714 καλόν
232 1651 279 1713 καὶ
294 1652 392 1732 σεμνόν
407 1654 444 1723 εἰς
458 1654 555 1737 ἀρετῆς
569 1648 654 1734 λόγον
668 1651 717 1714 ital
732 1650 809 1727 δόξης
822 1651 900 1736 385,
918 1669 966 1714 11.
998 1654 1028 1715 οά
1042 1651 1134 1732 μόνον,
1149 1657 1173 1716 εί
1181 1656 1221 1735 μη

125 1738 254 1822 χρόματ’
268 1735 421 1813 ἀπόλλυτε,
436 1734 580 1811 σκεπτέον,
597 1737 663 1799 ἀλλ’
679 1740 701 1799 εἴ
717 1737 764 1798 καὶ
780 1736 860 1813 δόξαν
871 1738 999 1822 χρηστὴν
1012 1753 1089 1821 459,
1103 1755 1154 1822 25.
1182 1742 1222 1802 τά

127 1828 176 1898 τῆς
185 1824 260 1900 δόξης
271 1823 404 1903 κτήματα
417 1819 531 1897 ἀνελεδν,
539 1825 577 1884 τοὶ
587 1828 636 1885 τοῦ
646 1822 766 1885 πλοότου
776 1821 920 1898 πεποίηται
929 1827 1017 1906 μικροὶ
1028 1827 1103 1905 617,
1113 1824 1142 1887 8.
1156 1824 1223 1909 πρδς

127 1908 179 1989 μδε
194 1914 291 1982 ιιτῆσιν
303 1906 459 1992 χρημάτων
472 1908 531 1969 οὐδὲ
546 1906 656 1970 πάποτε
668 1912 681 1970 ό
693 1910 773 1988 δῆμος
788 1908 951 1983 ἐσπούδασε,
965 1907 1028 1992 πρός
1043 1909 1070 1971 li
1086 1909 1172 1987 δόξης,
1185 1913 1223 1985 οός

129 1995 188 2056 unt
200 1990 265 2076 πρός
278 1994 307 2057 δν
322 2000 376 2056 τῶν
389 1991 570 2075 ἀλλαν617,
581 2013 613 2078 9.
636 1999 652 2070 ἡ
666 1998 713 2069 πῆς
727 1991 838 2076 γνάμης
853 1993 919 2069 δόξα
932 1996 978 2072 ἀρ’
989 1992 1024 2056 ἀν
1034 1991 1069 2057 ἀν
1079 1993 1223 2059 ἀαοόσιοσι

127 2078 314 2163 παρίσταται.
357 2076 496 2164 opinatio
508 2077 679 2156 sententiae,
695 2078 727 2142 11.
744 2101 773 2142 e.
789 2077 890 2142 visum
905 2077 995 2156 illud,
1012 2078 1096 2144 unde
1116 2095 1224 2147 manat

129 2163 283 2229 sententia
291 2162 450 2251 judicum,
465 2163 620 2228 enascitur
633 2186 729 2252 penes
742 2186 796 2228 eos
808 2187 848 2228 ex
859 2162 906 2242 iis,
915 2187 989 2274 91110
1000 2165 1135 2230 audiunt
1146 2169 1222 2252 652,

130 2251 185 2317 26.
228 2250 309 2327 δόξαν
323 2248 411 2337 ipsos
425 2258 532 2330 καλῶν,
546 2249 577 2327 ἣν
591 2256 616 2314 οί
628 2257 742 2314 τοιοῦτον
756 2254 869 2313 πολῖται
889 2276 982 2313 σαντα
1002 2249 1099 2336 τρόπον
1119 2252 1222 2316 ἀναλί-

129 2361 255 2412 σκοντες,
272 2338 327 2421 οὐχ
342 2335 392 2399 οίοί
404 2360 436 2398 τε
450 2337 518 2399 nala
532 2336 665 2417 ἀφανίσαι
682 2336 757 2419 689,
774 2338 825 2400 26.
869 2335 914 2401 εἶθ’
935 2335 1007 2400 οὗτοι
1027 2344 1223 2419 κληρονομοῦσι

129 2427 179 2497 τῆς
192 2420 327 2506 ἀματέρας
341 2420 417 2498 δόξης
432 2422 480 2484 καί
494 2429 549 2485 τῶν
563 2422 697 2506 ὑμετέραν
711 2424 825 2507 ἀγαθῶν
839 2423 914 2507 690,
932 2442 982 2504 14.
1016 2422 1095 2501 δόξαν
1109 2426 1138 2485 οὐ
1149 2449 1224 2509 χρη-

130 2512 200 2584 στὴν
212 2511 288 2571 κατοί
300 2515 349 2584 τῆς
362 2510 465 2582 πόλεως
478 2510 604 2585 ποιήσετε
620 2510 694 2593 765,
716 2529 763 2594 15.
808 2512 862 2583 τοῖς
880 2509 1031 2589 ἠμεληκόσι
1051 2508 1126 2587 δόξης
1145 2511 1223 2574 ἄδεια

130 2595 233 2692 γέρονε
253 2597 336 2657 ποιεῖν
357 2592 375 2656 ό
396 2620 424 2657 τι
445 2594 593 2673 βούλονται
611 2613 705 2680 1232,
723 2613 771 2679 17.
815 2622 848 2681 τη
870 2596 932 2682 δόξη
954 2594 1223 2678 καταμαντευόμενοι

131 2678 310 2767 opinatione
338 2679 529 2767 suspicantes
556 2698 654 2762 1400,
674 2703 706 2762 4.
753 2679 943 2746 Sententiam
969 2680 1133 2745 Demosth.
1160 2681 1225 2747 11110

131 2766 338 2853 pertinentem
359 2788 380 2828 a
402 2765 527 2830 Stobaeo
549 2780 701 2831 servatam
722 2789 752 2829 v.
776 2765 837 2831 sub
857 2766 971 2841 δίκαιος.
1013 2772 1060 2842 τῆς
1083 2758 1224 2854 niffen

133 2853 257 2934 πρόξεοον
270 2850 346 2929 δόξης
361 2853 441 2927 οὐδεὶς
455 2852 614 2927 τηλικοῦτός
631 2856 716 2931 έστιν,
731 2852 806 2927 όστις
829 2852 907 2916 έσται
930 2852 1018 2937 κόριος
1039 2852 1225 2939 opinationis

132 2952 164 3002 et
185 2939 279 3002 famae
300 2936 438 3024 vulgaris
458 2936 498 3001 de
519 2960 624 3003 rerum
645 2952 804 3025 gestarum
825 2937 928 3002 valore
949 2960 1041 3002 nemo
1061 2952 1108 3003 est
1129 2961 1225 3026 penes

132 3046 228 3110 quem
244 3022 283 3087 sit
294 3023 457 3087 arbitrium
475 3043 568 3109 1433,
588 3044 638 3087 11.
664 3025 770 3105 ραόλην
786 3023 865 3101 δόξαν
879 3023 1135 3089 existimationem
1149 3024 1226 3102 ial-

133 3125 175 3184 λις
192 3111 333 3188 λαμβάνει
351 3124 446 3194 1475,
463 3128 513 3195 23.
547 3110 626 3186 δόξαν
640 3111 699 3195 περὶ
714 3112 929 3187 τελευτήσαντος
944 3109 1079 3196 ἔχειντὴν
1091 3108 1225 3191 ἐναντίαν,

133 3195 165 3272 ἢν
178 3198 238 3280 περὶ
253 3200 350 3274 ζῶντος
365 3194 391 3258 εί
413 3199 451 3258 στ’
465 3197 565 3259 ἐκείνου
583 3215 678 3281 1479,
689 3197 887 3280 5.εκαθαρδν
900 3194 970 3267 οὗτοι
979 3200 1037 3281 χρὴ
1049 3197 1094 3259 τὸν
1103 3195 1166 3276 βίον
1175 3204 1224 3261 τοῦ

133 3282 268 3367 σόορςοοος
283 3283 375 3364 ἀνδρός
389 3308 467 3357 ειναι,
481 3279 555 3343 οόστε
568 3285 607 3362 μὴ
627 3284 801 3366 ἐπιδέχεσθαι
823 3281 902 3359 δόξαν
924 3282 1016 3355 αἰτίας
1036 3286 1152 3367 πονηροῖς
1166 3283 1225 3346 AEla

135 3384 169 3450 7,
184 3386 238 3452 32.
281 3375 391 3453 ληστῶν
404 3366 479 3443 δόξης
493 3366 687 3448 ἀνεπίμπλατο
702 3384 756 3452 37,
775 3385 825 3452 23.
869 3366 1007 3453 έρχόμεθα
1020 3367 1102 3444 δῆποο
1119 3369 1226 3442 limitis

134 3452 233 3516 οἴκοθεν
247 3450 330 3515 ένίοτε
345 3452 424 3528 δόξας
438 3454 548 3537 ἔχοντες
562 3456 639 3516 κατὰ
653 3461 707 3516 τῶν
721 3460 878 3536 λογισμῶν,
890 3475 997 3539 prave,
1008 3473 1170 3538 perperam
1184 3450 1226 3518 de

134 3537 307 3602 rationibus
331 3536 542 3602 existimantes
564 3540 616 3615 62,
632 3560 662 3624 9.
706 3538 897 3624 περιέρχονται
920 3542 968 3617 τὴν
992 3542 1098 3624 ἇγοράν
1119 3540 1226 3615 ἀληθεῖς

135 3626 200 3685 κατ’
215 3626 347 3700 ἁλλόηλιον
364 3624 377 3647 ”
401 3648 472 3697 οντες
486 3623 564 3700 δόξας
580 3624 635 3702 84,
652 3630 763 3708 27.;ἦ
777 3624 844 3702 δόξα
859 3632 913 3688 τῶν
926 3624 1103 3711 πραχθέντων
1122 3623 1226 3688 existi·

134 3708 242 3786 matio,
257 3709 363 3796 opinio
399 3732 417 3773 e
431 3709 525 3774 rebus
537 3709 643 3795 gestis,
657 3712 723 3792 πρὸς
736 3718 791 3773 τῶν
805 3709 954 3790 δυναμένων
969 3710 1062 3793 λέγειν
1076 3710 1136 3773 nrt
1149 3707 1184 3773 h.
1196 3733 1226 3774 e.

134 3816 232 3881 penes
245 3793 377 3860 disertos
390 3809 448 3871 est,
463 3810 501 3859 nt
514 3809 609 3882 prout
622 3795 682 3894 ipsi
696 3794 804 3874 velint,
819 3794 862 3859 sin
876 3816 1002 3859 secusve
1016 3792 1056 3857 de
1068 3793 1163 3859 rebus
1178 3794 1226 3861 ‘u-

134 3881 269 3959 dioetur,
281 3894 376 3978 prout
386 3879 430 3945 illi
442 3896 562 3945 mentes
575 3880 770 3946 audientium
784 3880 922 3945 oratione
936 3879 998 3944 11110
1011 3894 1069 3945 ant
1081 3879 1155 3945 illuc
1169 3819 1226 3947 θε-

134 3980 219 4030 ctere
237 3980 270 4031 et
288 3965 445 4053 impellere
459 3966 556 4031 velint
570 3969 613 4030 A.
632 3986 705 4045 121,
722 3986 772 4034 21.
817 3964 877 4075 δόξρ
899 3968 938 4046 μὴ
959 3965 1073 4051 ἀληθείᾳ
1092 3969 1225 4032 ποιεῖσθαι

133 4058 184 4130 τηε
198 4053 289 4137 κρίσιν
306 4071 378 4129 121,
395 4053 571 4130 20.-τδόξαν
584 4052 707 4117 έναντίαν
722 4058 769 4129 τῆς
782 4077 915 4137 προτερας
935 4053 1076 4130 λαβοῦσαι
1092 4050 1134 4116 Ι..
1151 4071 1228 4137 190,

133 4158 190 4218 44.
234 4138 292 4201 otti
306 4139 462 4202 πολλοοτδν
475 4137 556 4224 μέρος
570 4143 618 4215 τῆς
632 4137 708 4216 δόξης
724 4136 907 4246 (opinionis)
923 4141 969 4213 τῆς
982 4139 1046 4224 παρ’
1062 4140 1124 4220 ὑμῖν
1144 4137 1228 4220 lecim

133 4228 173 4287 τά
184 4224 326 4308 χρήματα
343 4238 415 4311 155,
432 4238 463 4307 7.
507 4226 557 4287 nal
577 4225 697 4297 πολλοὺς
716 4226 775 4287 οάδε
791 4224 895 4301 *δόξαν
908 4224 1009 4287 ἀδικεῖν
1028 4241 1100 4303 104,
1114 4241 1165 4307 29.
1194 4221 1228 4289 τό

134 4309 186 4390 μὶν
200 4308 264 4390 ἀμόν
279 4308 357 4391 γένος
371 4311 420 4373 ἀπ’
436 4313 503 4392 ipso
516 4307 549 4373 τό
562 4309 742 4396 γνωρίζεσθαι
755 4313 804 4388 τὴν
818 4313 909 4395 ἀρχὴν
923 4307 1075 4389 λαμβάνει,
1089 4309 1120 4373 πδ
1136 4308 1166 4371 δὲ
1179 4310 1228 4373 τίν

134 4394 294 4480 μίχρισοῦ
315 4398 364 4472 τάν
384 4394 465 4474 δόξαν
486 4394 597 4472 έσπησε.
643 4417 698 4482 ap.
718 4394 891 4483 Ulpianum
919 4394 960 4463 ad
989 4394 1222 4465 Maioma?

135 4479 216 4559 δόξαν
230 4479 446 4567 ὄγκαταλεέπειν
460 4481 522 4569 Ly.
541 4495 614 4566 154,
628 4501 662 4563 4.
688 4481 852 4565 ἀείμνηστος
865 4479 931 4557 δόξα
948 4481 1020 4564 163,
1032 4497 1093 4568 34,
1119 4480 1230 4551 irw-
