2984 5000
318 898 677 989 EXPLICATIO
713 894 1036 1039 SIGLARUM.

564 1170 777 1222 -0—

224 1354 269 1428 A.
294 1354 556 1457 -Antiphom

224 1470 280 1542 AE.
296 1469 551 1542 -AEschines

223 1583 575 1657 Am-Andocides.

223 1695 272 1770 D.
299 1699 594 1771 -Deiuarchus

221 1812 289 1885 De.
302 1853 353 1868 —
363 1813 553 1886 Demades.

222 1927 252 1999 1.
296 1968 347 1983 —
360 1929 482 2000 lsaeus.

219 2043 266 2114 L.
301 2044 501 2137 -Lysias

218 2157 557 2253 Ly.-Lycurgus.

172 2383 206 2454 Ii
224 2383 304 2472 loci,
321 2385 450 2477 quibus
466 2386 566 2456 nulla
581 2393 668 2455 nota
680 2384 831 2477 adjacet,
843 2406 890 2455 ex
902 2384 1144 2456 Demosthene
1155 2407 1215 2478 pe·

120 2498 185 2570 titi
206 2511 301 2572 sunt.
353 2502 570 2598 Paginarum
592 2512 629 2573 et
651 2524 818 2573 versuum
844 2501 995 2584 numeri,
1018 2502 1056 2572 in
1082 2496 1217 2573 Demo·

121 2615 253 2685 sthene
280 2615 447 2689 editionis
473 2616 680 2688 Reiskianoe
702 2626 800 2698 sunt;
825 2616 863 2687 in
890 2616 1016 2688 ceteris
1042 2616 1216 2700 omnibus,

119 2729 399 2824 Stephanianae:
424 2731 486 2825 qui
513 2731 656 2824 quidem
679 2730 820 2801 numeri
845 2730 883 2800 in
906 2732 1034 2804 dextro
1056 2733 1216 2828 margine

114 2843 286 2916 editionis
302 2846 542 2917 Bekken'anae
558 2856 776 2938 comparent.

173 2958 287 3050 Operi
304 2959 500 3033 Reiskiano
517 2969 740 3031 accesserunt
754 2982 858 3030 voces
874 2958 1050 3031 uncinulis
1066 2960 1216 3033 circum·

114 3073 227 3155 datae,
240 3096 288 3143 ex
304 3073 348 3143 iis
365 3073 450 3145 Isaei
466 3074 684 3147 orationibus
700 3082 892 3164 excerptae,
909 3095 990 3165 quae
1007 3075 1102 3166 apud
1118 3076 1217 3147 Bek-

114 3189 247 3258 kerum
267 3188 373 3260 unice
398 3199 552 3261 exstant.
599 3189 642 3260 In
668 3187 723 3259 his
749 3186 990 3290 designandis,
1005 3188 1215 3261 necessitate

112 3303 244 3390 coacti,
262 3303 435 3375 sectiones
452 3301 699 3374 Beklrerianas
716 3301 953 3373 adhibuimus.

162 3417 317 3505 ‚Stellula
340 3418 552 3512 quibusdam
573 3416 689 3488 verbis
714 3418 874 3509 praefixa,
896 3415 1032 3487 indicat
1056 3439 1138 3488 eum
1163 3421 1215 3489 lo·

111 3553 200 3603 cum
234 3531 338 3604 aliter
371 3534 467 3626 apud
500 3534 720 3615 Beklrerum,
755 3530 859 3602 aliter
896 3531 991 3622 apud
1025 3530 1213 3602 Reiskium

109 3647 196 3741 legi.

163 3762 222 3832 De
239 3762 462 3835 Germanicis
474 3761 627 3857 Anglice
644 3761 805 3844 redditis,
818 3762 904 3832 satis
917 3761 963 3832 sit
976 3760 1105 3843 dicere,
1118 3764 1214 3854 quod

110 3876 151 3946 in
179 3875 237 3947 his
266 3901 348 3948 cum
376 3875 525 3948 Reiskio
550 3876 627 3969 ipso
657 3898 766 3968 quam
795 3859 988 3968 plurimum
1020 3898 1213 3970 congruere

109 3992 214 4064 enixi
231 4017 375 4077 sumus3
400 3994 431 4065 is
456 4004 589 4078 autem,
606 3994 794 4089 elegantiae
816 4018 943 4088 parum
968 3994 1158 4079 studiosus,
1174 3995 1213 4066 id

109 4107 338 4200 potissimum
356 4108 393 4180 in
413 4109 485 4180 suis
502 4109 721 4180 versionibus
738 4133 878 4181 curasse
895 4110 1049 4191 videtur,
1061 4118 1104 4179 ut
1115 4111 1212 4180 locu-

110 4222 228 4294 tiones
245 4234 428 4296 0ratorum
445 4223 652 4297 Atticorum
675 4224 798 4296 formis
815 4248 922 4319 quam
943 4223 1100 4295 maxime
1125 4246 1211 4316 quo-

109 4336 257 4410 tidianis
275 4350 314 4411 et
328 4339 527 4413 vernaculis
543 4362 618 4411 suae
635 4339 770 4434 linguae
786 4339 1091 4434 interpretaretur.
