2984 5000
18 880 20 893 ς
139 803 163 868 ι)

534 265 856 332 Gnmcmnrrs.
1179 284 1241 354 407

138 460 185 522 ρος
199 438 352 501 καθεδεῖται
367 438 427 513 61,
436 455 487 521 3.·
513 434 609 501 οὔκουν
627 436 762 515 βοόλεται
781 440 838 513 τοῖς
859 443 958 502 ἐαυτοῦ
978 443 1085 524 ’καιροῖς
1106 445 1154 521 τῖην
1175 444 1242 528 παρ’

138 527 216 606 ὑμῶν
231 523 383 608 ἐλευθερίαν
397 521 542 632 ἐφεδρεύειν
561 542 633 602 100,
651 542 701 588 10.
719 539 792 610 133,
808 543 837 607 9.

184 610 312 759 ἐφνκτδς]
329 610 436 691 ἐφικτοὶ
450 632 522 687 ησαν
536 615 561 673 οῖ
575 607 679 696 ἐγγειον
693 608 779 673 τόκοι.
816 610 856 674 de
876 609 1007 698 singulis
1026 611 1118 677 minis
1136 636 1243 680 mense

138 717 270 845 qurssduue
311 694 446 760 abantur
466 694 500 758 in
520 693 626 760 foenua
645 694 729 760 oboli
752 695 829 777 aeni,
844 695 885 761 de
905 696 996 762 bonis
1017 697 1241 783 immobilibus,

232 780 268 844 “s
282 795 314 847 et
328 781 475 846 domibus
489 801 566 867 914,
584 802 635 846 ιο.

183 866 347 949 ἐφέλκεσθαι
357 871 406 946 τὴν
420 871 496 933 κλεῖν
510 866 691 933 eforamine
704 867 832 932 claustri
846 868 963 933 clavem
979 869 1143 934 extrahere
1153 886 1185 936 et
1196 895 1244 935 se-

138 976 214 1018 cum
235 954 369 1018 aufferre
391 954 434 1019 L.
459 971 513 1039 91,
536 974 589 1040 43.
635 954 758 1041 Taylor
778 953 917 1019 reddidit
938 956 970 1020 in
993 954 1104 1037 indice,
1125 958 1243 1022 tuddu-

138 1062 219 1105 cere.

184 1131 278 1209 ἐφεξῆς
293 1130 392 1191 οὑτωσὶ
409 1126 583 1210 καθιξόμενος
597 1127 630 1191 in
649 1127 833 1208 continenti,
846 1126 989 1215 proxime
1009 1152 1030 1194 a
1051 1129 1147 1194 latere
1168 1129 1242 1194 assi-

140 1210 239 1291 dens3
255 1212 446 1293 immediate,
463 1230 498 1278 ut
512 1213 610 1301 vulgo
630 1228 784 1301 usurpant
797 1228 875 1300 553,
894 1235 942 1301 13.
979 1218 1027 1293 την
1040 1216 1174 1279 Ἑλλάδα
1187 1222 1243 1281 ποῖ-

139 1323 197 1362 σαν
218 1303 311 1380 ἐφεξῆς
332 1302 432 1364 ονἰτοοσῖ
454 1299 596 1374 Φίλιππος
616 1301 746 1386 ἁρπάζων
767 1305 849 1364 λυπεῖ
872 1319 944 1386 103,
967 1317 1017 1386 15.
1061 1300 1118 1366 ubi
1140 1303 1240 1366 οότοοσδ

140 1406 205 1449 non
225 1408 297 1449 cum
320 1386 461 1472 ἁρπάζειν,
475 1385 529 1451 aed
551 1408 624 1450 cum
646 1389 738 1469 ἐφεξῆς
760 1386 906 1451 cohaeret.
948 1389 1076 1452 ονυιιένιο
1135 1410 1240 1453 ortua.

139 1471 176 1534 in
205 1471 256 1535 tlte
280 1493 391 1560 gruta.
433 1470 478 1536 ita
505 1486 543 1538 ut
572 1471 654 1551 dico,
678 1471 720 1536 ad
742 1471 861 1537 literam
900 1487 1045 1538 cunctam
1106 1473 1240 1553 raeciam,

140 1557 265 1622 nemine
294 1580 369 1622 exce
392 1572 435 1623 to.
478 1558 585 1633 πάντας
609 1559 671 1631 τοὺς
695 1558 810 1645 ῥήτορας
835 1520 935 1635 ἔθεσθε
963 1564 1055 1643 ἐφεξῆς
1084 1563 1161 1645 576,
1190 1579 1241 1627 11.

139 1646 243 1726 *486,
258 1647 425 1728 6.;τριτον
439 1647 544 1725 ἐφεξῆς,
558 1642 651 1708 tertio
664 1644 733 1709 loco
746 1643 892 1732 protinus
905 1646 963 1710 AE'.
979 1664 1011 1726 1,
1031 1666 1060 1711 1.
1075 1661 1104 1731 7.

184 1731 313 1812 ἐφόσιμον
327 1735 374 1808 τὴν
387 1731 451 1816 παρ’
467 1735 543 1812 ὑμῶν
555 1728 700 1816 γενομένην
718 1740 822 1815 γνῶσιν
843 1733 879 1806 οός
901 1733 996 1796 ἐαυτδν
1017 1733 1172 1814 ποιοόμινος
1189 1732 1241 1816 78,
1359 1792 1364 1799 .

140 1815 198 1882 ult.
235 1818 274 1881 ie
288 1818 394 1883 drawa
409 1817 681 1904 theappeclsrom
691 1839 759 1904 you
774 1826 805 1882 to
816 1817 954 1903 dictaeis.

184 1903 290 2003 ἔφεσις]
307 1908 356 1969 οὐκ
370 1901 405 1967 οέν
419 1903 540 1966 ἐδώκατε
555 1907 603 1980 τὴν
618 1907 655 1978 είς
669 1907 741 1983 όμᾶς
757 1901 846 1980 ἐφεσιν
863 1923 958 1989 1301,
973 1923 1006 1989 3.

139 2036 144 2041 -
183 1988 290 2076 ἐρέτης]
308 1989 402 2073 ἐφέται
414 1988 538 2076 judices
584 1987 689 2053 uidam
712 1987 861 2054 Athenis.
894 1987 993 2073 ἐφίτας
1007 1991 1034 2053 δέ
1048 1990 1241 2073 διαγινώσκειν

139 2077 216 2161 631,
231 2095 262 2161 3.
307 2082 332 2141 οῖ
346 2075 440 2160 ἐφέται
455 2089 529 2140 sunt
547 2013 642 2141 iidem
663 2088 760 2163 atque
778 2081 803 2139 οῖ
821 2077 988 2154 πεντήκοντα
1011 2077 1059 2140 καῖ
1082 2075 1119 2151 είς
1144 2079 1239 2161 1069,

140 2165 470 2335 6icariitioilssrodi‘iti-rei>
490 2254 538 2327 τῆς
551 2248 714 2336 Ἀγραύλου
736 2256 791 2314 τοῖν
812 2252 918 2331 ἐφόβουν
939 2248 1018 2334 όρκον
1039 2250 1241 2332 ἀναγινώσκων

138 2336 393 2423 438,18.=Ly.
411 2351 483 2434 137,
501 2335 701 2422 Ι9.;ἐφηβοον
716 2334 861 2419 ἐπιμέλεια
876 2336 919 2399 Ι).
938 2354 1012 2415 110,
1030 2355 1079 2421 13.

183 2423 342 2507 ἐφηγεῖσθαι
365 2444 487 2510 praerre,
525 2420 675 2486 raeeundo
688 2420 773 2486 viam
794 2436 978 2496 monstrare,
993 2420 1148 2486 deducere
1170 2444 1238 2486 ma·

138 2507 305 2595 gistratum
320 2508 438 2598 aliquo,
453 2445 643 2574 adiatebrus
659 2507 751 2588 furis,
767 2508 816 2572 vel
838 2508 948 2588 sicarii,
964 2508 996 2573 in
1019 2532 1083 2573 rem
1106 2531 1241 2596 praesen·

140 2610 215 2674 tem,
230 2595 352 2661 adloca
362 2609 395 2661 et
408 2619 540 2684 corpora
553 2594 667 2660 delicti.
704 2595 895 2681 ἀσθενέστερος
910 2594 949 2675 είς
973 2599 1029 2671 τοῖς
1044 2593 1180 2680 ἄρχουσιν
1194 2599 1240 2677 ἐφ-
1331 2628 1346 2648 ·

140 2690 210 2766 ηγοῡ
226 2685 301 2761 601,
319 2702 371 2750 10.
387 2684 462 2769 803,
481 2699 531 2767 15.

182 2770 335 2855 ἐφηδεσθαν]
353 2772 402 2834 οὐκ
416 2771 559 2847 ἐπιτήδειος
572 2774 586 2833 θ
601 2770 694 2855 καιρδς
710 2771 853 2851 ἐφησθῆναι
872 2771 944 2853 196,
959 2788 1011 2833 11.
1041 2766 1180 2845 Θηβαίοις
1194 2770 1240 2848 ἐφ-

139 2856 250 2932 ησθῖηναι
266 2860 352 2919 ὁτιοῦν
366 2858 482 2920 παθοῦσι
498 2875 572 2941 131,
586 2873 615 2923 1.
637 2856 700 2929 τοὺς
714 2862 759 2918 νῦν
771 2855 958 2941 περιοφθέντος
973 2856 1145 2937 ἐφηδομένους
1160 2851 1240 2916 ἐστι·

139 2966 185 3024 ρον
199 2939 284 3025 ἐχητε
299 2941 336 3015 οῖς
350 2939 384 3004 οέν
398 2940 532 3026 πάσχητε
550 2940 644 3022 1418,
661 2941 692 3004 8.

184 3026 296 3104 ἐφιέναι.
326 3026 460 3112 ἐφίεσθαι]
479 3026 597 3109 ἐφίενται
609 3027 672 3109 μέν,
689 3027 735 3090 ἐόιν
751 3051 794 3101 τις
813 3031 846 3113 ἐᾷ
864 3045 936 3112 193,
955 3046 1005 3089 11.
1032 3028 1145 3105 ’ἐφῆκεν
1167 3030 1239 3105 ἡμᾶς

82 3111 89 3124 ”
139 3118 176 3187 είς
191 3115 223 3176 τὸ
238 3114 420 3199 δικαστῆριον.
456 3112 574 3178 remisit
588 3110 853 3177 nosadtribunal
868 3132 944 3198 913,
961 3130 1010 3198 13.
1049 3111 1169 3191 ἐφίεσθαι
1184 3116 1240 3174 τῶν

138 3197 296 3283 ἀλλοτρίαν
310 3215 387 3285 937,
402 3222 475 3285 pen.
502 3203 609 3277 ἐφιᾶσιν
623 3203 660 3274 είς
675 3204 746 3279 ὑμεῖς
761 3199 809 3261 καέ
825 3203 877 3273 τοὶς
890 3198 961 3263 πάνυ
975 3200 1076 3282 μικρὰς
1088 3194 1174 3270 δίκας.
1197 3196 1238 3261 ab

137 3283 249 3349 arbitri
263 3285 416 3350 sententia
428 3284 471 3349 ad
483 3300 618 3350 vestram
632 3298 805 3373 provocant
823 3300 917 3368 1017,
934 3297 984 3365 17.
1021 3280 1162 3345 ἀδυνάτων
1180 3281 1239 3363 ἐφό·

138 3372 201 3434 εσθε
219 3371 314 3455 1487,
331 3371 530 3454 14.--ἐφιέναι
547 3373 618 3455 (aut
632 3369 756 3457 ἀφιέναι)
772 3371 799 3435 Ι.
813 3371 866 3451 60,
884 3367 1100 3456 19.εέφίεσθαι
1116 3375 1170 3431 τῶν
1184 3371 1240 3432 ἁλ-

138 3455 257 3542 λοτρίοον
271 3460 315 3521 A.
333 3457 407 3544 138,
421 3473 474 3543 37.

183 3544 360 3629 ἐφικνεῖσθαι]
379 3541 415 3606 νόν
429 3545 481 3609 οὐδ’
497 3541 531 3607 εῖν
545 3544 581 3619 είς
595 3543 678 3622 ἐξίας
693 3542 832 3621 ἐφικέσθαι
848 3542 954 3607 δόναιτο
969 3546 1009 3606 τῶ
1024 3541 1103 3628 λόγῳ
1120 3539 1194 3624 178,
1205 3560 1236 3626 5.

138 3630 216 3714 361,
233 3643 283 3713 25.
299 3648 394 3715 1413,
408 3645 439 3714 5.
477 3633 520 3712 ἐφ.
535 3636 584 3693 τοῦ
599 3632 775 3715 τριηραρχεῖν
788 3627 951 3716 pervenire
964 3605 1005 3694 ad
1018 3649 1087 3692 eam
1097 3625 1239 3691 fortuna·

137 3737 211 3778 rum
228 3714 479 3802 amplitudinem,
494 3728 532 3780 ut
550 3715 754 3781 trierarchum
778 3737 872 3802 agere
895 3715 994 3814 possis
1014 3716 1160 3798 46314.
1198 3714 1238 3793 ἐφ’

136 3804 301 3887 εὐεργεσιῶν
315 3824 353 3866 eo
366 3800 435 3866 loco
449 3824 554 3867 rerum
572 3825 649 3882 esse,
663 3815 700 3866 ut
721 3801 802 3866 bene
824 3824 922 3888 possis
943 3800 984 3866 de
1005 3799 1106 3887 patria
1128 3796 1239 3861 mereri

97 3963 103 3974 .
137 3906 214 3970 494,
229 3905 260 3972 3.
283 3889 393 3968 ἐφῖκται
407 3888 517 3953 πάντων
531 3887 572 3953 ad
587 3909 694 3953 omnes
707 3886 915 3973 permanavit,
930 3901 987 3952 aut
1000 3898 1170 3973 pervagata
1180 3897 1239 3964 eat,

137 3979 154 4049 ἡ
168 3971 266 4037 τούτου
280 3974 534 4059 κακοπραγμοσύνη
551 3977 628 4052 800,
646 3972 894 4058 17.εέφικόμενος
907 3980 955 4050 τῖης
970 3972 1075 4036 ἐκείνοιν
1094 3972 1239 4057 ἀνδραγα-

136 4057 208 4136 θίας,
223 4071 427 4146 posteaquam
441 4060 582 4147 attigeris
595 4060 721 4124 illorum
735 4058 884 4123 virtutem
899 4060 953 4124 AE.
969 4059 1022 4136 81,
1038 4077 1068 4142 9.

181 4145 345 4224 ἐφισπᾶνενν.
377 4145 531 4228 ἐφνστοέναι.
561 4146 740 4232 ἐφίστασθαι]
758 4167 862 4209 coram
882 4168 959 4223 esse,
974 4145 1108 4223 adstare,
1123 4156 1239 4230 proesto

137 4252 215 4295 esse.
252 4233 441 4313 ἐφεστηκότων
455 4232 495 4296 ἐτι
508 4241 563 4298 τοῖιν
577 4235 753 4320 πρισβιυπῷν
766 4234 844 4317 346,
861 4249 892 4298 1.
928 4232 966 4317 1))
982 4231 1076 4295 rebus
1094 4251 1237 4317 pracesse,

136 4329 175 4381 ut
202 4333 344 4404 praesunt
372 4339 403 4380 m
446 4316 453 4331 ’
522 4334 584 4399 tus,
610 4331 643 4383 et
667 4317 879 4404 imperatores.
928 4322 952 4382 οέ
981 4316 1158 4399 ἐφεστηκότες
1185 4316 1239 4393 16,

139 4421 189 4468 11.
210 4423 258 4484 14.
294 4402 416 4485 ἐφίστασ
431 4430 461 4468 αι
476 4406 519 4468 ἐπὶ
540 4411 587 4483 τῆς
600 4403 742 4480 πολιτείας
757 4405 833 4491 436,
848 4427 922 4493 pen.
958 4403 1095 4484 δυνάμεις,
1111 4400 1143 4475 ἃς
1157 4414 1239 4465 λιλυ·

134 4488 238 4570 μόνθαν
265 4491 329 4565 τοὺς
357 4489 525 4567 ἐπιστόντας
557 4510 653 4577 1439,
684 4508 734 4640 13.
775 4499 830 4556 τῶν
859 4488 1047 4574 ἐφεστηκότων
1074 4492 1243 4573 στρατηγῶν

662 4597 683 4640 Ῑ)
734 4594 758 4657 4
