2984 5000
530 291 851 357 sumeremus,
1174 309 1238 379 355

133 481 192 569 νιογ
206 459 337 526 mother.
381 460 510 548 injure,
525 475 679 547 potestate
692 475 724 527 et
743 461 873 528 arbitrio
890 484 969 527 mere
990 462 1164 541 matrisdo,
1183 466 1233 531 16.

132 549 179 609 ἑτι
192 570 246 609 τινι
261 546 443 611 καταλείτιιν
455 549 503 611 τὸν
522 552 633 633 κλῆρον.
669 548 727 613 hnc
749 548 829 634 lege,
845 562 882 613 ut
903 548 1016 635 aliquis
1037 571 1074 612 ea
1095 549 1234 636 potietur

132 633 191 715 63,
208 649 260 715 17.
276 633 332 711 66,
348 652 401 716 29.
422 633 475 718 83,
494 652 544 697 11.
579 637 681 716 epotam
703 635 744 697 te·
766 638 836 720 αὐτῇ
858 635 957 714 ἔλαβε.
992 634 1031 697 lte
1052 637 1192 701 received
1212 657 1233 697 ο

130 715 245 804 (ίοτονγ
259 718 334 781 τοῖοί
354 719 422 795 Iter,
444 717 520 796 sive,
538 740 604 804 quo
624 741 692 783 eam
715 718 854 798 duceret,
875 718 938 784 sive
960 733 1125 806 propterea
1146 719 1233 806 quod

131 824 204 865 eam
218 802 349 868 duceret
363 807 417 889 69,
432 817 484 889 35.
505 805 573 887 [17,
589 805 636 888 6.]
653 804 702 868 vel
723 805 792 891 ejus
810 803 921 891 gratia.
958 807 1001 868 ἐπί
1023 808 1134 889 γυναικί
1154 806 1233 891 ἔχειν

129 888 274 973 ἀργύριον.
311 891 381 977 ejus
401 911 496 954 cause
514 888 562 953 vei
582 890 707 954 nomine
729 911 784 971 40,
799 910 853 969 40.
878 910 934 971 41,
949 909 1003 974 30.
1029 892 1082 969 88,
1101 910 1150 957 ιο.
1188 892 1231 954 ἐπί

132 973 320 1038 *παλλακίδι
335 976 423 1050 δύντες
435 974 509 1058 (nisi
522 974 628 1062 potius
641 975 704 1063 leg.
714 989 761 1040 est
775 977 818 1038 ίτί
833 982 969 1060 παλλακῇ
980 975 1105 1059 διδόντος)
1120 980 1157 1038 τοί
1170 982 1233 1040 iuv-

130 1065 188 1121 τῶν
202 1079 258 1139 41,
272 1078 328 1142 44.
372 1062 416 1124 tet
427 1066 467 1147 τῷ
480 1061 684 1146 ἐγγυησαμένου
699 1059 727 1140 ἦν
741 1082 837 1148 penes
850 1083 934 1139 eum,
949 1061 981 1124 in
1003 1061 1072 1148 ejus
1092 1061 1232 1143 arbitrio,

129 1156 289 1230 potestate
302 1166 359 1226 41,
376 1148 426 1212 28.
464 1149 508 1209 tet
523 1147 624 1210 ἅταντι
638 1154 678 1233 τῷ
692 1145 758 1232 οῖιιορ
772 1147 952 1210 καταλιίιτνιν
972 1148 1089 1209 teritum
1105 1166 1160 1232 45,
1177 1167 1228 1245 23.

128 1245 257 1313 51,10.
295 1232 338 1293 tet
363 1231 503 1306 τοσούτοις
524 1234 620 1314 οἰγροῖς
643 1234 691 1294 καί
714 1233 849 1313 κτῆμασι.
886 1231 918 1295 in
942 1232 1036 1297 tantis
1058 1231 1230 1299 latifundita

128 1330 187 1399 55,
203 1333 258 1396 24.
304 1318 347 1380 tet
361 1322 396 1402 τῇ
410 1317 520 1403 διαθήκῃ
537 1317 741 1401 παραγενέσθαι
761 1317 937 1383 interfuisse
958 1317 1116 1405 scriptioni
1139 1333 1230 1387 testu·

129 1401 230 1464 menti
243 1420 301 1487 43,
316 1421 369 1487 31.
414 1405 454 1483 ἐρ’
468 1402 512 1477 αίς
526 1403 665 1481 διαθῆναις
679 1403 843 1481 ἐκλῆθησαν,
859 1403 975 1491 quibus
989 1404 1164 1468 testamenti
1184 1419 1229 1469 tn

127 1484 215 1550 bulis
230 1501 265 1551 ut
280 1488 463 1553 interessent
476 1486 688 1574 obsignandis,
704 1489 805 1553 vocati
819 1488 950 1554 fuissent
964 1508 1018 1573 47,
1032 1510 1088 1570 41.
1115 1492 1158 1552 tei
1173 1493 1229 1563 τοῖς

127 1570 235 1635 τούτων
250 1572 365 1652 θνύμασι
383 1589 439 1660 59,
452 1594 507 1654 44.
544 1574 584 1636 ἔτ’
600 1572 689 1660 θλίγορ
710 1573 834 1660 ιἰργορίῳ
854 1597 914 1662 pro
934 1596 990 1656 42,
1008 1596 1035 1643 2.
1073 1577 1114 1658 ἔφ’
1129 1576 1167 1648 οίς
1187 1574 1229 1639 ad

126 1679 205 1743 quae
217 1658 364 1746 ἄτθιιρισιν
378 1665 408 1723 ού
423 1661 519 1724 δίδοται
535 1659 589 1744 83,
604 1678 657 1744 33.
695 1661 738 1722 tet
752 1659 854 1734 τούτοις
868 1661 910 1725 ob
926 1661 995 1725 haec
1014 1661 1073 1742 ἐμοί
1093 1660 1228 1734 τοιούτους

126 1747 245 1827 ἀγῶνας
265 1746 475 1832 παρασκευάζον
496 1747 548 1831 83,
564 1759 594 1827 7.
640 1745 680 1806 ἔτ’
695 1744 770 1807 tnta
793 1748 900 1824 ὀβολοῖς
920 1747 981 1810 sub
1002 1759 1095 1832 pacto
1116 1767 1228 1809 novem

125 1827 307 1906 oboiorum,
323 1830 448 1895 nomine
461 1829 589 1894 foenoris
603 1831 753 1893 menstrui
767 1829 799 1893 in
814 1830 929 1895 minam
945 1833 998 1911 88,
1015 1851 1063 1912 24.
1109 1832 1152 1895 ίτί
1171 1834 1230 1894 δια.

126 1916 202 1999 βολῇ
216 1912 344 1980 invidiae
357 1915 530 1981 conflandae
549 1938 625 2002 ergo
647 1918 699 2001 89,
716 1934 765 1982 22.
811 1919 851 1979 ἔτ’
866 1919 926 1999 ἐμοὶ
948 1923 1039 1980 ταῦτα
1061 1943 1078 1979 τ
1117 1918 1227 1995 νύζοοσι

124 2013 239 2063 contra
253 2023 316 2079 me,
330 2001 363 2064 in
381 2018 478 2089 caput
497 2024 602 2066 meum
618 2020 671 2086 77,
689 2020 740 2082 24.
776 2003 818 2063 ἑτί
842 2002 980 2087 Διλρνιίῳ
1001 2002 1034 2065 in
1057 1942 1228 2087 Dveiphinio

129 2103 205 2162 110,
220 2105 407 2195 4o.=ergo,
422 2087 471 2153 vel
487 2086 540 2164 ad,
556 2103 592 2152 ut
606 2109 729 2151 causam
745 2086 870 2150 finalem
885 2086 1047 2174 significet.
1093 2092 1163 2164 πλὴν
1177 2091 1227 2150 οὖν

125 2172 171 2233 hi
193 2172 302 2259 θανᾶτορ
323 2191 488 2253 φασκοοσαν
509 2173 616 2249 θιθύναι,
632 2175 698 2236 ἀλλ’
714 2174 757 2235 tet
780 2172 902 2257 φίλτροις
915 2175 960 2237 Α.
980 2191 1053 2250 112,
1069 2186 1118 2254 27.
1163 2193 1225 2235 11011

124 2278 194 2341 quo
208 2278 316 2321 necem
331 2259 413 2345 patri
431 2258 642 2335 conscisceret,
659 2257 713 2321 sed
726 2281 792 2344 quo
806 2279 879 2322 eum
897 2280 1002 2321 amore
1017 2259 1064 2323 sui
1079 2257 1226 2321 accende-

124 2356 188 2406 ret.
218 2343 345 2415 ίθνύθιτο
361 2347 402 2407 ἐντ’
416 2345 697 2430 ιθφιλιίᾳτῇίαοτοιῖ
716 2363 788 2428 133,
802 2362 858 2428 39.
895 2343 932 2427 b)
947 2345 994 2408 ού.
1014 2347 1096 2407 ἐλεεῖν
1111 2345 1154 2404 tet
1169 2345 1225 2416 τοῖς

123 2428 268 2504 σἰιιοοσίοις
280 2429 424 2512 παθήμασι
439 2435 550 2511 μᾶλλον
564 2431 705 2513 προσήκει,
720 2428 735 2507 ἢ
750 2434 805 2504 τοῖς
823 2429 955 2505 ἑκουσίοις
977 2429 1025 2491 καί
1047 2433 1078 2491 ix
1099 2427 1226 2516 προνοίας

122 2515 282 2596 ἇὸιαῆροασι
307 2517 449 2596 114,18.
494 2518 536 2579 tet
559 2521 613 2589 τοῖς
636 2514 754 2594 ἱματίοις
775 2515 960 2599 διαφθαρῆναι,
973 2515 1016 2579 ob
1034 2528 1144 2592 vestet,
1159 2537 1224 2601 quo

124 2597 286 2664 homicida
300 2602 438 2666 restibus
452 2601 581 2687 peremti
639 2598 735 2665 tiatur
750 2617 821 2682 117,
839 2618 868 2665 2.
880 2615 913 2685 5.
943 2621 1015 2686 119,
1030 2621 1082 2682 40.
1126 2605 1158 2685 c)
1174 2603 1222 2662 ῖνι.

123 2686 170 2747 tet
185 2691 228 2770 τῷ
240 2685 390 2771 γυμνασία
410 2706 481 2766 121,
498 2690 549 2753 26.
615 2691 629 2770 )
640 2708 750 2798 emes,
765 2686 796 2749 in
819 2685 958 2765 arbitrio,
973 2701 1136 2774 potestate.
1181 2687 1223 2749 ίτί

122 2774 183 2844 τοῖς
197 2778 254 2834 τῶν
267 2751 430 2858 κατηγύροον
442 2772 536 2855 λύγοις
551 2772 628 2849 τίναι,
645 2799 659 2847 η
674 2774 714 2835 ἐτ’
729 2775 820 2845 αὐτοῖς
834 2775 889 2846 τοῖς
904 2772 993 2857 ἔργοις
1006 2775 1052 2835 καί
1064 2778 1096 2858 τῇ
1110 2770 1224 2856 ἀληθείᾳ

123 2863 180 2919 τῶν
194 2857 382 2943 τραγμᾶτοεν.
426 2879 489 2922 11611
501 2880 592 2944 posse
604 2859 716 2938 fecere,
730 2856 899 2944 quominus
916 2858 1040 2943 judices
1061 2856 1224 2944 pronunti-

122 2954 179 3004 ent
195 2941 297 3040 magis
315 2942 489 3007 secundum
508 2942 736 3008 criminationes
757 2956 984 3022 accusatorum,
998 2965 1094 3029 quem
1116 2964 1224 3006 secun-

121 3025 204 3090 dum
219 3050 265 3091 rer
279 3042 376 3114 gestae
389 3027 551 3093 veritatem
571 3049 642 3111 129,
657 3044 711 3114 37.
756 3026 867 3090 ἅπαντα
884 3030 921 3090 τοὶ
941 3032 968 3090 ἐν
989 3030 1082 3113 ἁδῆλορ
1105 3027 1141 3091 ἔτ’
1157 3027 1222 3090 ὄντα

121 3114 167 3175 ixi
183 3112 306 3199 τῇτύχγ
319 3120 433 3194 μᾶλλον
445 3115 591 3178 ἀνάκειται
605 3114 620 3190 ί)
635 3120 668 3198 τῇ
683 3113 795 3200 τρονοίᾳ
805 3112 903 3211 magis
913 3113 1045 3177 fortuito
1054 3113 1138 3177 casui
1152 3135 1223 3199 per-

121 3196 280 3261 mittenda
295 3216 369 3262 sunt
382 3222 477 3285 quarn
496 3214 533 3264 ut
551 3223 588 3264 ea
609 3198 698 3268 liceat
719 3198 888 3285 prudentro
907 3198 1084 3286 gubernare
1102 3218 1173 3283 130,
1188 3219 1220 3279 4.

119 3286 155 3367 e)
172 3282 207 3346 in
222 3283 367 3348 fraudem
386 3283 529 3373 alicujus.
572 3289 681 3362 ἣτοῖσα
695 3290 857 3367 παρασκευὴ
871 3284 1021 3367 γεγένηται
1036 3287 1076 3347 ἐτ’
1091 3285 1150 3367 ἐμοὶ
1171 3288 1223 3346 κὰ-
1302 3309 1307 3320 ’

120 3367 205 3454 αείνορ
223 3370 295 3457 138,
310 3386 365 3455 37.
407 3372 546 3468 χρῆματα
561 3370 731 3450 λαμβάνοιιν
745 3371 786 3431 ἐτ’
802 3372 861 3450 iuni
879 3387 951 3451 147,
964 3371 995 3433 8.
1015 3370 1146 3449 12.είρ’
1159 3372 1221 3450 ὑμῖν

119 3455 269 3538 γινόμενον
283 3478 355 3519 cum
372 3478 421 3520 res
435 3479 465 3520 rn
525 3469 664 3520 testatem
681 3471 814 3518 vestram
829 3455 1003 3519 devenisset
1017 3457 1081 3519 An.
1101 3475 1151 3533 11,
1169 3474 1219 3533 14.

118 3545 159 3603 τοί
175 3539 298 3625 ύμίτιρα
312 3545 402 3605 αὐτῶν
416 3478 527 3616 danorii}
542 3544 580 3619 ἐρ’
595 3545 658 3621 ύμῖν
673 3541 747 3603 ίστίν
764 3559 816 3617 22,
836 3557 885 3626 15.
932 3541 1116 3627 πραττόμενος
1132 3538 1220 3625 ἀργύ-

117 3649 178 3709 ριον
192 3626 238 3688 ίτί
252 3629 308 3699 τοῖς
322 3624 486 3712 αίσχίστονς
500 3626 599 3712 ἔργοις,
615 3628 684 3706 ἔζης.
721 3625 874 3706 mercede,
887 3649 982 3712 quam
1001 3625 1158 3710 exigebus,
1174 3625 1221 3688 in-

118 3709 215 3773 famis
237 3711 407 3797 patientiae,
422 3711 519 3776 vitam
538 3710 701 3790 tolerabas,
717 3710 766 3774 vel
781 3710 899 3776 victum
921 3711 1083 3810 quterebns
1101 3729 1151 3796 13,
1166 3729 1219 3794 29.

119 3795 168 3858 isi
181 3821 246 3873 τινι,
262 3795 295 3859 in
309 3796 452 3862 fraudem
472 3797 615 3883 alicujus,
629 3797 697 3883 ejus
717 3796 940 3883 pessumdandr
962 3819 1037 3883 ergo
1059 3800 1220 3879 εἰσενεγκεῖν

166 3882 178 3905 ’
242 3907 261 3944 ιν
277 3884 390 3966 17,16.
420 3884 463 3946 ἐντί
474 3884 569 3962 παντί,
584 3905 773 3968 quocunque
787 3882 867 3961 loco,
879 3884 1047 3961 commone,
1062 3893 1219 3968 praetextu

116 3906 377 4054 metreptove
392 3987 444 4045 2ο,
466 3969 512 4032 18.
555 3969 618 4043 τοὺς
632 3976 723 4031 ταῦτα
737 3968 944 4044 βουλεύσαντας
959 3970 1002 4045 ἐφ’
1018 3972 1079 4050 ύμῖν
1101 3966 1168 4032 htec
1186 3966 1218 4032 in

117 4065 242 4138 pestem
257 4068 393 4118 vestram
412 4052 604 4117 machinatos
620 4072 671 4130 22,
692 4073 737 4136 19.
777 4054 819 4117 ίτί
841 4059 875 4139 τῇ
897 4059 942 4116 νῦν
964 4053 1053 4140 εὐνοίᾳ
1074 4053 1116 4117 ob
1138 4075 1217 4133 eam,

117 4160 195 4223 quae
218 4137 297 4202 mihi
318 4161 404 4203 nunc
425 4153 483 4217 est,
503 4138 597 4202 vestri
619 4137 788 4202 studiosum
804 4136 996 4203 voluntatem
1019 4157 1072 4216 22,
1086 4159 1139 4220 44
1177 4142 1219 4202 uu
1279 4195 1282 4202 .

117 4227 210 4309 ῥητοῖς
223 4226 344 4299 στονθοὶς
357 4225 461 4309 ἤγομεν
477 4226 530 4303 26,
549 4239 597 4308 15.
640 4229 744 4301 στῆλαι
760 4225 944 4302 σταθήσονται
959 4226 1156 4310 γεγραμμέναι
1176 4227 1219 4287 tet

118 4307 227 4384 τούτοις
249 4324 306 4374 aut
325 4325 397 4397 post
419 4310 486 4375 haec
566 4323 609 4387 ta,
623 4323 679 4374 aut
698 4310 871 4375 secundum
891 4311 959 4376 hece
1021 4310 1125 4387 ctu,h.
1140 4333 1166 4372 e.
1182 4309 1219 4373 iis

117 4394 352 4473 convenienter,
366 4413 423 4461 aut
436 4332 582 4483 quoirflaecc
592 4409 685 4482 pacta
697 4395 738 4460 ad
749 4418 857 4461 omnes
866 4420 980 4485 promu
992 4410 1151 4483 gerentur,
1164 4409 1221 4460 aut

119 4493 156 4544 ut
170 4494 276 4545 essent
293 4479 519 4570 documentum
537 4494 569 4545 et
592 4496 829 4548 monumentum
853 4482 963 4566 horum
987 4494 1150 4568 pactorum
1166 4498 1219 4563 27,

641 4589 664 4630 A
678 4589 697 4630 a
713 4585 731 4632 2
