2984 5000
236 282 302 348 180ι
522 268 526 273 ’
699 284 851 351 INDEX

234 455 427 543 importuno,
442 476 518 519 oum
536 454 581 519 nil
602 477 651 520 am
675 456 737 522 lius
753 457 914 547 prodesset
927 478 983 540 44,
1000 476 1053 543 29.
1096 457 1149 520 οὐδ’
1162 455 1197 520 ἄν
1209 462 1333 538 ρηοινόν

233 542 368 620 βασάνοις
381 540 554 627 ἀνδραπόδων
567 479 707 626 γινόσθόιι,
722 558 830 632 nogat,
849 566 881 608 se
899 565 1024 609 oausam
1039 544 1246 642 fortunasque
1259 566 1333 607 suas

234 626 356 692 indiciis
377 626 603 714 mancipiorum
617 628 650 693 vi
671 622 898 694 'tormentorum
920 628 1073 718 expressis
1093 651 1332 693 commissu-um

233 730 289 799 45,
306 714 336 777 8.
383 714 525 821 περίπολος
540 718 587 788 τῆς
599 713 699 798 χῶρας
712 716 813 793 ταόπης
828 715 958 800 ἐγινόμην
979 716 1024 780 δύο
1047 715 1092 792 im
1112 730 1168 799 50,
1183 734 1237 801 32.
1282 719 1332 779 ἐκ·

234 799 343 876 ποόητον
357 799 484 886 γενεσθαι
499 798 628 885 quando
646 822 708 865 non
729 801 820 866 liceat
838 804 893 885 56,
908 821 962 881 40.
1005 803 1157 888 τραγῳδῶν
1170 799 1331 884 γινομόνων,

233 884 260 949 si
276 884 355 948 bene
368 884 464 948 habet
477 907 514 948 ea
527 884 628 959 lectio,
645 886 699 950 sed
714 886 883 973 legendum
903 887 1029 951 videtur
1048 887 1154 974 potius
1171 889 1333 972 τραγῳθιὸν

234 985 288 1056 59,
307 990 359 1056 23.
394 971 477 1033 κακοθ
491 974 539 1047 τὴν
553 974 650 1057 ψοχην
664 999 701 1046 εις
714 998 761 1036 τον
776 976 857 1055 δημον
872 972 1001 1058 γθνιννται
1017 976 1072 1051 60,
1090 989 1141 1055 17.
1173 972 1333 1060 καθιέρωσις

233 1055 370 1140 στεφάνου
384 1056 514 1140 γόγννται
529 1058 583 1135 60,
604 1077 653 1138 14.
696 1058 1170 1144 χεόρωνγόνηταιπῆνόινχηνόο,
1188 1072 1238 1142 15.
1270 1084 1334 1121 και-

232 1143 275 1225 ροθ
286 1146 321 1228 τῇ
334 1141 413 1205 πόλει
428 1141 557 1228 τότταρες
573 1143 736 1229 γεγένηνται
753 1147 806 1225 61,
824 1162 874 1228 17.
917 1146 1045 1228 ὂπιμιλές
1058 1142 1173 1229 γόγονεν
1187 1146 1333 1207 ὑπακούειν

236 1230 290 1305 61,
309 1246 365 1313 32.
411 1232 424 1290 ό
447 1226 502 1314 ἲθόρε
521 1231 631 1313 πονηρός
655 1233 703 1293 οὐκ
726 1228 760 1293 ἂν
781 1231 887 1314 γε’νοιτσ
909 1233 1029 1317 δημοσόρι
1046 1231 1173 1315 χρηστός
1194 1230 1249 1309 64,
1271 1227 1332 1293 ult.

236 1316 327 1397 φυγὰς
349 1315 396 1376 ἀπ’
420 1314 604 1399 εἷσαγγολθας
627 1318 775 1401 γεγένηται
800 1319 853 1399 65,
876 1339 906 1397 4.
958 1314 990 1379 τό
1010 1324 1065 1380 τῶν
1086 1313 1261 1378 ἀνελπίστων
1282 1317 1331 1378 καὶ

236 1398 445 1477 ἀπροσδοκήτων
467 1404 497 1463 οὐ
521 1398 636 1484 γέγονεν
657 1404 697 1484 ἐφ’
720 1409 795 1483 ἡμῶν
818 1419 873 1485 72,
890 1418 941 1488 23.
985 1403 1066 1475 οὐδεὶς
1080 1398 1190 1464 πόιτντε
1209 1407 1330 1474 τοιοῦτος

235 1485 328 1569 μάγος
344 1485 391 1547 καθ
406 1483 472 1569 γόης
487 1484 595 1568 ἐγένετο
611 1502 663 1571 73,
683 1507 733 1572 13.
772 1493 882 1571 πληγῆς
897 1485 1065 1565 τηλικαύτης
1079 1485 1261 1572 γεγενημόνης
1276 1501 1330 1570 74,

238 1586 287 1652 27.
333 1570 436 1654 ἔκφρων
455 1571 633 1634 παντάπασιν
652 1573 760 1654 ἐγένετο
777 1588 794 1655 7
796 1595 831 1659 5,
847 1575 878 1637 6.
922 1572 1030 1656 γόνεσθό
1048 1598 1096 1655 μοι
1115 1573 1214 1654 μικρὸν
1229 1574 1331 1657 χρόνον

235 1660 283 1734 τὴν
298 1656 415 1719 διάνοιαν
432 1654 476 1737 (id
492 1672 539 1720 est
552 1659 629 1720 κατὰ
643 1662 691 1735 τὴν
706 1657 835 1741 διάνοιαν)
857 1662 896 1740 μὴ
917 1661 945 1721 ἄν
965 1664 1005 1743 τῷ
1024 1659 1192 1743 δικαστηρθιρ
1209 1674 1226 1741 7
1227 1675 1263 1741 5,
1277 1677 1330 1723 20.

236 1744 385 1828 τραγῳδῶν
405 1740 565 1822 μελλόντων
586 1743 711 1825 γίνεσθαι
734 1744 772 1825 (si
787 1744 866 1809 bene
880 1743 986 1827 babet)
1005 1760 1058 1828 75,
1075 1746 1126 1810 26.
1170 1744 1331 1828 ἐπιγράφειν

227 1828 332 1890 lauris
343 1828 385 1889 bri
396 1830 428 1889 τὸ
439 1826 611 1912 γιγνόμενον,
623 1845 782 1895 auctorem
794 1844 827 1895 et
837 1831 1010 1895 effectorem
1024 1829 1067 1894 rei
1080 1842 1178 1917 gestoe
1191 1852 1224 1893 se
1236 1829 1329 1907 ferre,

236 1912 294 1975 sibi
309 1911 441 1999 gloriam
455 1913 605 1999 confectae
623 1938 770 2003 arrogare
785 1933 838 2000 77,
853 1937 904 2003 34
948 1917 1098 2003 βαρύτερον
1112 1923 1166 1979 τῶν
1180 1914 1280 2002 ἔργων,
1294 1913 1330 1978 ἦν

234 1999 394 2075 πεπόνθατε,
408 1999 439 2062 τό
455 1999 587 2082 ἀκρόαμα
605 2002 735 2086 γίγνεται
751 2003 805 2081 88,
823 2008 873 2068 16.
916 2000 1051 2111 ἄνθρωπος
1071 2000 1192 2088 αόσχόνη
1213 2007 1262 2076 τῆς
1281 2003 1330 2065 πό-

235 2099 303 2159 λεως
325 2083 447 2169 γεγονὼς
470 2085 523 2163 88,
545 2086 590 2149 18.
635 2087 695 2151 ἴσαι
717 2092 802 2171 biom
824 2092 901 2175 αὐτῷ
923 2093 1046 2173 ἑγενοντο
1069 2089 1123 2173 89,
1137 2106 1189 2172 35.
1235 2089 1330 2151 Πόθια

233 2168 333 2253 μόλλει
346 2178 450 2256 ἡμερῶν
464 2170 568 2254 όλόγων
581 2172 705 2259 γόνεσθαι
721 2177 775 2259 89,
787 2180 933 2256 42.·;τῆς
950 2175 1059 2261 προικός
1079 2179 1116 2248 εἰς
1135 2173 1219 2237 αὐτόν
1232 2198 1330 2258 γιγνο-

233 2255 324 2337 μόνης.
351 2254 396 2319 ilii
418 2256 599 2344 obtingente
622 2259 651 2322 Ι.
673 2278 729 2340 41,
744 2280 798 2347 32.
839 2260 922 2348 μέρος
937 2259 977 2324 ότι
993 2259 1128 2344 ἔγόγιεπο.
1154 2258 1329 2369 portionem

232 2357 331 2406 ratam
347 2360 402 2427 51,
417 2343 663 2428 44.=yiyssoias
675 2351 713 2407 τοὶ
727 2351 766 2427 μὴ
781 2347 926 2427 γενόμενα,
941 2350 990 2409 οὐκ
1005 2350 1032 2409 ἒν
1046 2349 1101 2420 τοῖς
1116 2370 1218 2408 τουτων
1234 2345 1329 2429 λόγοις

233 2429 292 2492 ἐστὶ
309 2431 353 2492 Α.
371 2447 443 2514 143,
460 2430 704 2516 27.-·γι’γνεσθαι
721 2431 785 2516 (vel
802 2432 941 2517 γίνεσθαι)
961 2432 998 2507 εἷς
1017 2455 1080 2494 τινα
1099 2430 1209 2495 cedere
1224 2430 1329 2508 alicui,

233 2514 339 2578 venire
357 2515 388 2578 in
411 2516 478 2602 ejus
500 2532 625 2581 sortem.
647 2528 679 2581 to
692 2518 819 2583 devolve
832 2541 918 2628 ιιρονι
931 2520 998 2583 θίαν
1013 2521 1077 2582 An.
1097 2537 1146 2602 15,
1161 2534 1214 2602 37.
1259 2519 1331 2595 ιἰἔιιῑι

235 2602 287 2674 τοὶς
308 2608 362 2664 τῶν
383 2602 522 2688 προγόνων
543 2607 644 2688 όερετοὶς
666 2606 726 2686 ἐμοὶ
747 2630 886 2687 σωτηριαν
907 2605 1031 2692 γόννσθαι
1052 2605 1101 2682 18,
1116 2622 1169 2689 37.
1213 2606 1283 2667 *isi
1296 2605 1330 2666 τό

235 2685 413 2771 εὖπράττειν
435 2688 516 2752 κακοὶ
538 2687 663 2774 γόνονπαι
684 2690 785 2766 πάντες
805 2690 936 2777 ἄνθρωποι
953 2709 1004 2768 20,
1022 2708 1075 2756 21.
1120 2695 1214 2753 ταῦτα
1227 2692 1257 2752 οὔ
1272 2691 1331 2753 διπ-

235 2770 360 2857 κόκριται
375 2776 431 2846 τοῖς
451 2775 502 2854 μὲν
521 2774 658 2857 γίνεσθαι,
673 2777 729 2849 τοῖς
744 2777 772 2839 δὲ
784 2782 824 2859 μη
841 2795 893 2854 20,
910 2797 960 2858 24
1004 2781 1122 2849 τοιοῦτος
1136 2777 1185 2838 καθ
1200 2782 1331 2848 ποσεΐντες

234 2857 364 2941 ἐγενόμην
379 2857 418 2939 (si
433 2858 524 2923 lectio
537 2859 617 2924 bene
631 2859 741 2946 babet)
756 2875 821 2927 tam
836 2863 1035 2927 vehementer
1047 2859 1194 2925 contendi
1209 2879 1262 2939 22,
1280 2863 1328 2924 18.

233 2941 357 3025 γθνεσθσι
380 2944 491 3026 θόνσμις
509 2960 541 3009 et
563 2948 720 3022 κατάλυσις
733 2971 795 3046 pro
808 2949 929 3027 afferre,
943 2970 1047 3013 creare
1062 2946 1126 3010 vim
1139 2961 1194 3011 aut
1210 2961 1329 3032 pestem

235 3047 287 3113 25,
300 3035 451 3114 9.=ispo“›v
463 3035 501 3111 μὴ
515 3032 677 3115 γινομένων,
688 3034 767 3118 quid
781 3034 832 3112 sit,
843 3034 1014 3122 interrogat
1027 3033 1173 3098 Tarson
1184 3032 1216 3096 in
1229 3031 1331 3096 iudioe

234 3137 299 3178 suo.
333 3118 395 3189 τοὺς
413 3116 496 3196 μῆτω
516 3118 669 3201 γεγονότας
690 3120 801 3184 δεδιέναι
823 3123 882 3205 τερθ
904 3127 958 3185 τῶν
978 3119 1138 3203 μελλόντων
1157 3117 1268 3182 ἔσεσθαι
1289 3119 1329 3182 L

238 3199 309 3279 108,
326 3218 375 3284 23.
398 3200 565 3288 plusquam
580 3204 747 3292 sophistica
765 3205 860 3269 όννοια.
887 3207 983 3270 κάκιον
996 3204 1142 3290 γεγονέναι
1160 3203 1229 3268 Ιοοο
1242 3204 1332 3291 iguo-

234 3285 343 3350 biliore
369 3301 461 3351 natus
486 3313 551 3352 esse
577 3309 648 3375 153,
678 3291 898 3375 15.=ybwim
924 3293 967 3354 isi
994 3289 1140 3376 ὶργασόας.
1171 3305 1331 3375 quaestum

234 3394 377 3436 exercere
392 3374 452 3460 Ly.
473 3390 545 3472 155,
565 3377 715 3451 18.;τοῖς
728 3378 883 3460 γενομένοις
903 3377 1026 3459 ἐμμόνειν
1040 3374 1201 3440 sententiae
1215 3398 1234 3439 a
1243 3375 1331 3461 judi-

233 3457 323 3522 cibus
344 3457 415 3523 latae
436 3481 630 3546 acquiescere
652 3463 694 3526 D.
714 3482 787 3541 101,
809 3482 857 3546 17.
902 3464 999 3527 θνσιῶν
1015 3468 1069 3526 τῶν
1084 3460 1235 3547 γνωμόνων
1251 3463 1330 3546 (παρ’

233 3548 325 3618 αὐτοῖς
340 3550 432 3631 puta)
450 3551 579 3610 κοινωνεῖν
598 3550 669 3627 106,
687 3568 734 3633 13.

275 3631 435 3716 γινώσκειν]
461 3630 638 3712 docemere,
653 3647 801 3714 statuere,
816 3634 903 3721 apud
917 3635 1056 3699 animum
1077 3656 1170 3698 suum
1189 3656 1248 3720 pro
1262 3649 1332 3698 rato

233 3729 265 3779 et
279 3729 365 3780 certo
375 3716 498 3780 babere.
521 3721 557 3792 σός
571 3718 615 3781 όιεό
630 3746 656 3783 τι
667 3724 758 3801 μεῖζον
772 3728 826 3784 τῶν
841 3721 1022 3807 ὑπαρχόντων
1035 3721 1076 3784 δεῖ
1087 3720 1231 3806 τρόποιν,
1245 3722 1332 3803 ἐγνιο-

233 3800 287 3874 κοός
303 3801 382 3865 ἔσται
403 3823 453 3888 13,
473 3824 522 3887 13.
567 3804 593 3866 εἴ
609 3830 650 3879 τις
668 3809 759 3869 αότῶν
773 3805 871 3886 ἀφέλοι
886 3810 917 3870 τό
933 3805 1141 3892 γιγνώσκεσθαι
1157 3805 1227 3882 hoc,
1243 3804 1332 3891 quod

233 3886 300 3949 nori
314 3887 429 3973 cuique
443 3887 514 3966 sint,
530 3914 550 3953 a
561 3912 689 3976 quoque
704 3890 807 3956 statim
823 3892 1026 3970 noscitemur,
1040 3894 1087 3955 καὶ
1103 3891 1135 3955 τό
1148 3896 1182 3978 τῇ
1196 3897 1269 3977 aaa}
1285 3891 1333 3954 λέ.

232 3997 293 4055 γειν
306 3973 444 4048 Ἀττικῶς
460 3993 533 4053 202,
552 3995 601 4039 10.
629 3993 772 4058 1424,1.
815 3977 831 4054 θη
850 3979 929 4064 λόγῳ
944 3979 1005 4053 τοὺς
1024 3980 1195 4057 δημοτικοὺς,
1216 3978 1285 4041 ἀλλ’
1301 3981 1333 4040 ori

227 4062 289 4130 τοῖς
302 4058 455 4142 πράγμασι
467 4062 515 4124 καὶ
527 4066 582 4136 τοῖς
592 4057 778 4144 πολιτεύμασι
788 4062 1005 4148 γινωσκομένονς
1019 4063 1093 4140 268,
1107 4082 1155 4128 12.
1186 4068 1224 4126 τοὶ
1235 4062 1334 4127 δόκανα

232 4150 336 4225 γνῶναι
352 4146 400 4206 καὶ
414 4151 452 4208 τὰ
466 4148 639 4243 προσήκοντα
661 4172 769 4235 aequas
789 4164 821 4213 et
839 4172 994 4237 congruus
1009 4149 1178 4213 sententias
1192 4170 1334 4234 pronun-

231 4229 314 4292 ciare
330 4228 385 4310 (de
394 4229 570 4315 judicibus)
584 4236 662 4314 416,
678 4254 711 4318 3.
726 4249 759 4299 et
772 4234 858 4299 alibi.
902 4241 996 4298 miros
1011 4237 1063 4298 οὐδ’
1078 4240 1102 4299 εἰ
1116 4236 1233 4320 γόγονεν
1246 4233 1333 4312 εἴδεός,

232 4315 290 4378 οὐδὲ
305 4315 484 4400 γιγνώσκων.
506 4341 572 4403 quo
587 4332 725 4405 tempore
747 4343 788 4384 ne
809 4336 917 4385 natum
932 4319 1062 4406 quidem
1084 4321 1169 4386 hunc
1194 4320 1334 4384 Midian

232 4422 353 4479 noram,
368 4400 399 4465 h.
416 4425 442 4466 e.
467 4425 505 4466 ne
528 4425 639 4468 nomen
661 4405 791 4491 quidem
813 4407 881 4494 ejus
902 4407 999 4471 faudo
1020 4406 1248 4484 inaudiveram,
1263 4422 1334 4484 aut,

224 4485 353 4552 -ctiamsi
378 4487 577 4569 audivissem,
600 4504 704 4555 tamen
726 4514 790 4556 uon
811 4491 1011 4558 noscitabam.
1044 4494 1067 4556 1
1085 4494 1175 4557 θεειοεσ
1193 4493 1260 4556 him
1278 4502 1335 4557 ιιο1

232 4592 309 4636 even
338 4574 378 4660 by
403 4596 520 4661 person
548 4595 624 4660 539,
656 4594 708 4661 25.
753 4579 949 4665 γινωσκόμενοι
975 4579 1018 4644 ἐπὶ
1041 4582 1078 4643 τοὶ
1098 4578 1189 4666 χείρω
1210 4593 1333 4666 partem
